1916 2805
696 150 751 207 25³
864 146 1102 204 (128)
1219 148 1274 205 ²3<

260 264 421 304 cotiana
449 263 605 317 ubique
633 260 778 301 celebri
810 260 916 301 fama
941 261 1016 309 fit,
1056 271 1146 300 eam
1178 258 1280 299 nihil
1304 257 1595 312 procuratam,
1627 273 1696 302 ne-

262 364 345 405 que
365 350 413 391 ad
438 350 616 391 diversos
641 348 729 399 ejus
763 349 859 389 usus
890 349 1115 389 formatam
1146 347 1352 398 vendant,
1384 346 1610 401 malintque
1640 348 1698 388 lu·

261 453 406 490 crum,
439 439 554 492 quod
582 451 604 479 e
627 439 784 488 forma,
821 438 1081 491 adhibitaque
1108 437 1144 478 ei
1173 437 1402 479 conditurae
1425 436 1587 477 ratione
1615 448 1697 476 ma·

261 529 324 579 jus
353 528 483 579 redit,
515 540 642 582 quam
669 541 692 569 e
719 528 915 576 materia,
953 527 1089 568 alienis
1115 528 1257 581 potius
1283 527 1509 567 concedere
1528 557 1540 577 ,
1572 537 1699 579 quam

262 620 331 662 fibi
350 631 505 674 parare.
535 618 604 660 Nil
630 617 765 659 minus
790 617 1022 672 quaestuosa
1046 616 1269 671 provinciae
1292 614 1368 659 effi:
1409 613 1548 670 postet
1586 615 1699 668 plan·

261 720 397 752 tarum
419 708 608 751 tincturis
635 707 878 748 idonearum
897 708 1084 759 cultura,
1115 707 1155 747 in
1176 707 1310 761 iisque
1331 707 1535 761 praecipue
1558 704 1697 755 rubiae,

262 801 300 842 &
323 798 478 840 isatidis.
512 797 589 839 Sed
613 797 730 839 nobis
750 811 831 851 prae
855 797 915 838 illa
937 797 1028 848 lini,
1059 799 1164 838 nulla
1186 797 1224 838 &
1239 807 1396 839 naturae
1420 796 1514 848 soli,
1546 796 1584 837 &
1602 807 1699 849 gen-

262 891 315 933 tis
341 889 566 931 textrinam
590 896 675 927 tarn
705 885 894 939 copiose,
925 885 1110 940 sciteque
1139 886 1323 926 facientis
1348 884 1496 935 indoli,
1529 885 1568 925 &
1595 883 1699 924 facili

262 979 465 1023 mercatui
490 976 613 1031 magis
634 974 947 1015 adcommodata
976 977 1142 1015 cultura
1163 974 1351 1020 videtur3
1385 973 1589 1026 quoniam
1614 974 1697 1013 five

261 1065 483 1121 occupatio
510 1063 747 1106 hominibus
772 1063 1000 1117 quaeritur,
1033 1063 1092 1103 illa
1111 1063 1181 1103 lini
1206 1061 1500 1103 administratio
1521 1076 1544 1102 a
1568 1061 1700 1116 prima

261 1157 349 1207 ejus
376 1156 560 1196 semente
584 1166 720 1207 usque
742 1153 843 1192 dum
865 1164 888 1191 e
915 1152 1102 1193 machina
1132 1152 1310 1193 textoria
1331 1161 1446 1192 exeat
1461 1183 1472 1202 ,
1504 1151 1701 1205 plurimo-

258 1258 354 1286 rum
387 1256 525 1284 manus
555 1240 770 1287 distendit3
808 1241 890 1282 five
923 1241 1102 1293 quaestus
1135 1242 1341 1296 proritat,
1379 1241 1410 1282 is
1438 1255 1460 1282 e
1491 1241 1699 1283 linofitate

259 1332 458 1387 expectati
489 1330 630 1387 potest
663 1330 864 1371 maximus
887 1359 900 1380 ‚
949 1332 1065 1384 quod
1106 1333 1197 1386 spes
1232 1334 1282 1373 fit
1323 1331 1476 1372 vicinas
1508 1331 1699 1387 regiones

260 1436 431 1465 omnem
460 1422 571 1464 lineae
602 1421 659 1461 rei
690 1422 853 1462 usuram
882 1421 1135 1475 depensuras.
1175 1422 1304 1464 Omni
1337 1430 1479 1463 autem
1512 1434 1559 1462 ea
1583 1421 1626 1462 in
1654 1435 1697 1462 re

258 1511 534 1566 antiquiffima
559 1509 635 1552 effe
659 1511 783 1551 debet
811 1524 908 1550 cura
930 1510 981 1549 de
1003 1510 1156 1550 semine
1172 1537 1185 1555 ,
1218 1510 1333 1563 quod
1359 1513 1578 1552 Sclavones
1605 1525 1701 1565 pro-

257 1603 360 1643 bum
389 1613 474 1640 nou
500 1600 681 1650 habent,
712 1608 806 1640 tum
832 1600 881 1640 de
911 1598 1025 1640 omni
1054 1598 1122 1638 lini
1154 1598 1236 1639 five
1265 1599 1365 1639 foris
1391 1600 1432 1639 in
1463 1614 1587 1654 agro,
1616 1602 1701 1642 five

258 1690 371 1732 domi
404 1691 477 1730 sub
510 1689 624 1730 tecto
653 1689 973 1742 procuratione,
1010 1686 1151 1741 postea
1180 1688 1230 1728 de
1266 1688 1428 1729 netrina
1452 1719 1464 1739 ,
1507 1688 1701 1728 textrina-

258 1796 344 1837 que
361 1813 373 1832 ‚
396 1795 441 1822 ac
463 1779 677 1835 postremo
697 1779 749 1818 de
768 1777 1001 1832 probiffima
1021 1777 1105 1827 ejus
1128 1777 1364 1821 candidandi
1385 1776 1558 1817 ratione.
1591 1779 1701 1831 Quae

258 1884 322 1913 res
348 1880 435 1912 tam
456 1869 622 1911 diversae
647 1880 733 1908 non
758 1876 842 1908 tam
868 1867 1081 1923 praeceptis
1103 1866 1375 1919 docentium,
1406 1878 1533 1921 quam
1565 1866 1700 1908 imita-

258 1961 373 2002 tione
399 1957 672 2013 praeeuntium
694 1956 986 2012 magistrorum
1009 1957 1304 1998 condiscuntur
1317 1986 1331 2006 ,
1362 1968 1470 2010 quos
1498 1955 1648 1996 idcirco
1673 1969 1696 1996 e

255 2048 519 2103 regionibuss‚
567 2058 748 2100 quarum
779 2046 892 2089 lineae
923 2046 1056 2089 vestes
1090 2047 1316 2102 plurimum
1351 2046 1567 2088 laudantur
1589 2076 1601 2098 ‚
1639 2059 1699 2086 ac·

255 2139 411 2180 cersere
431 2137 660 2192 oportebit.

1590 2318 1640 2359 In
