1916 2805
663 153 717 209 23³
832 152 1044 210 (85)
1163 152 1218 208 23<

223 266 270 308 In
294 263 431 306 medio
465 264 699 320 elytrorum
724 295 736 315 ,
770 265 810 307 ὃ(
837 277 969 319 prope
995 265 1154 320 apicem
1185 262 1311 304 fasciae
1338 263 1477 315 flavae,
1510 263 1557 303 ad
1581 261 1663 316 api-

221 367 313 395 cem
336 355 439 395 item
463 336 667 409 punctum
691 367 824 395 unum
846 354 1014 396 flavum.
1047 355 1267 397 Abdomen
1293 353 1483 395 villosum
1506 353 1659 393 album.

220 447 352 501 Long.
382 453 444 498 1-}.
472 445 537 486 lin.
574 440 670 486 Tab.
695 445 784 487 vn.
811 442 904 500 Fig.
935 458 994 487 12.

413 531 588 588 Cucujus
606 541 766 588 anceps.
801 537 947 576 Genus
969 532 1156 577 Fabricii.
1181 537 1226 576 In
1243 532 1540 575 charaaeribus
1562 545 1661 586 prae·

219 625 350 680 cipuis
383 623 582 664 convenit
612 637 711 663 cum
738 625 905 672 Cucujo
939 625 1102 677 planato
1127 625 1189 664 Cl.
1222 620 1383 678 Fucsrly
1405 654 1417 674 ‚
1456 632 1530 664 aut
1560 635 1659 664 cum

218 716 473 768 Cerambyce
495 714 658 765 planato
682 708 860 757 Linnaei3
890 720 934 751 at
959 711 999 751 in
1023 710 1211 751 antennis
1240 712 1398 751 nonnifi
1426 723 1476 751 10
1499 712 1660 753 articuli

216 802 340 852 sunt,
372 800 497 854 pedes
527 799 623 840 huic
648 799 792 841 nostro
820 799 1082 840 rubescentes
1115 799 1211 839 sunt
1230 830 1242 850 ‚
1284 808 1474 840 antennae
1508 800 1658 856 nigrae,

217 890 370 933 labium
396 890 591 946 nigrum5
622 865 750 944 atque
777 903 851 944 per
875 891 962 930 haec
985 903 1006 929 a
1033 888 1202 939 CuquO
1227 888 1393 942 planato
1421 887 1572 930 differt.
1612 891 1661 931 In

215 981 355 1022 medio
377 980 558 1022 thoracis
579 980 775 1021 cavitates
798 979 1064 1021 subrotundae
1088 979 1269 1020 minores
1290 978 1404 1029 duae,
1438 978 1533 1019 &in
1553 992 1660 1034 quo-

215 1070 277 1111 vis
301 1072 425 1111 latere
459 1084 541 1111 una
569 1069 742 1111 ovaliter
769 1071 967 1125 elongata.
997 1068 1173 1110 Habitat
1201 1068 1307 1109 intra
1327 1067 1528 1111 corticem
1553 1068 1593 1109 &
1617 1068 1661 1110 li-

215 1174 345 1216 gnum
369 1160 462 1216 fagi.
501 1139 596 1200 Tab.
620 1162 729 1201 VIII.
755 1156 848 1214 Fig.
873 1172 909 1213 5.

409 1245 642 1304 Phryganea
677 1247 852 1302 lufluosa.
903 1247 986 1289 Alis
1017 1247 1134 1290 fusco
1166 1269 1180 1276 -
1212 1249 1536 1303 nigrescentibus
1569 1252 1659 1293 sub·

214 1338 434 1395 pellucidis.
502 1341 548 1379 In
588 1330 721 1380 antica
757 1338 903 1393 pagina
943 1338 1156 1393 superiore
1195 1338 1300 1380 striae
1332 1352 1355 1379 e
1395 1339 1484 1393 pilis
1520 1341 1657 1383 albidis

215 1429 310 1472 06ὶο
333 1426 684 1482 longitudinaliter
706 1427 996 1469 decurrentes.
1029 1428 1229 1470 Striarum
1249 1427 1408 1479 tertiae,
1437 1430 1476 1471 &
1501 1440 1656 1485 quartae

214 1536 235 1562 a
258 1518 440 1574 margine
461 1516 667 1558 exteriore
689 1516 974 1569 computando
997 1516 1071 1556 alia
1092 1516 1361 1558 horizontalis
1382 1519 1435 1558 fic
1451 1519 1635 1562 occurrit
1649 1553 1661 1570 ,

212 1621 265 1653 ut
293 1611 468 1666 figuram
495 1606 613 1648 Zifrae
639 1618 665 1661 4
692 1605 899 1648 efformet.
938 1605 984 1645 In
1018 1605 1160 1648 eadem
1185 1608 1356 1663 pagina,
1397 1617 1516 1662 parte
1545 1611 1655 1653 inter

213 1704 410 1758 angulum
441 1709 665 1743 externum
695 1698 734 1739 &
764 1697 978 1738 internum
1003 1696 1233 1753 intercepta
1263 1698 1411 1741 striulae
1436 1700 1539 1742 itern
1568 1702 1657 1744 lon-

212 1793 455 1850 gitudinales
481 1800 648 1832 novem.
681 1787 811 1831 Nervi
843 1803 917 1844 per
947 1791 1048 1831 alam
1068 1790 1337 1832 decurrentes
1360 1790 1478 1832 fusco
1496 1813 1510 1820 -
1531 1795 1661 1836 rubri.-

214 1886 417 1925 Antennae
448 1881 572 1936 nigrae
604 1880 718 1935 apice
746 1881 864 1921 fusco
882 1899 899 1910 ·
920 1881 1182 1922 rubescentes
1215 1880 1476 1934 longitudine
1500 1885 1656 1930 alarum

212 1974 454 2014 anticarum.
495 1970 604 2024 Palpi
624 2002 637 2022 ‚
675 1970 890 2024 pedesque
921 1971 1052 2012 rubro
1074 1994 1090 2003 -
1119 1970 1316 2021 testacei,
1347 1972 1441 2025 post
1470 1983 1655 2018 mortem

212 2061 452 2117 pallidiores.
496 2061 668 2110 Femora
689 2059 930 2113 nudiffima‚
977 2059 1084 2101 tibiae
1104 2091 1118 2112 ‚
1157 2061 1337 2114 tarfique
1369 2061 1489 2118 nigro
1516 2064 1652 2107 ciliati.

218 2149 315 2197 Tab.
337 2152 408 2198 vl.
432 2146 524 2206 Fig.
553 2152 592 2194 6.

901 2331 934 2375 L
967 2343 990 2386 3
1489 2337 1596 2391 Quae
