1916 2805
625 166 697 225 ’ΣΞ
761 238 764 240 v
812 167 831 223 (
897 181 979 226 123v
1037 168 1066 227 )·
1170 171 1225 228 ²5<

219 274 410 318 dimentis
440 277 641 333 frequens
667 278 785 321 nucis
817 279 1015 336 iuglandis
1038 281 1237 324 minutim
1264 282 1433 325 obtritae
1464 283 1561 327 usus
1586 283 1655 327 est.

215 365 296 408 Die
318 367 540 409 Nativitati
564 368 736 410 Domini
768 369 880 412 sacro
909 371 1043 412 nullus
1073 370 1133 413 est
1157 404 1172 425 ,
1202 372 1278 427 qui
1310 385 1396 415 non
1429 374 1546 417 suem
1570 376 1655 418 five

214 454 448 509 aniculum,
479 459 564 499 five
596 459 862 509 nefrendem,
894 474 981 504 non
1010 461 1051 503 in
1081 471 1218 517 partes
1250 462 1431 517 sectum,
1461 465 1526 506 sed
1551 465 1656 508 inte·

214 557 362 600 grum,
393 547 474 602 igni
496 545 646 600 affum,
675 550 822 592 mensae
842 552 921 593 suae
941 551 1081 593 inferri
1109 562 1253 601 curet3
1284 567 1422 609 neque
1441 556 1655 613 negligunt

214 646 378 689 partem
396 637 575 691 aliquam
595 652 643 680 ex
667 653 718 681 eo
742 641 907 683 recisam
928 643 993 683 vel
1020 643 1136 684 fundi
1159 644 1360 696 domino,
1390 645 1419 685 fi
1447 645 1487 687 in
1517 647 1657 690 vicino

212 726 399 778 habitet,
430 727 497 766 vel
518 727 730 768 sacrorum
752 727 990 769 administro
1013 729 1197 771 mittere.
1231 733 1292 773 Ad
1315 743 1469 787 potum
1489 735 1652 788 vinum,

211 815 340 869 magis
369 824 510 857 autem
545 817 768 857 exaltatum
797 829 820 857 e
846 818 991 871 prunis
1015 818 1224 874 liquorem
1255 821 1481 876 adprobant
1499 837 1516 870 i
1549 836 1654 878 quo-

211 919 332 956 rum,
363 907 392 948 fi
416 906 577 959 defint,
603 906 781 948 defeetui
801 907 885 949 sola
909 922 1014 964 aqua
1042 910 1226 965 supplet.v

400 998 585 1039 Labores
614 996 807 1040 virorum
834 1013 857 1040 a
899 1000 1059 1054 peratsta
1085 1002 1233 1042 bruma
1273 1000 1315 1042 in
1354 1001 1493 1044 serum
1532 1010 1655 1046 autu*-

210 1099 358 1128 mnum
381 1086 526 1143 agrarii
544 1087 653 1129 sunt.
683 1089 861 1141 Hieme,
893 1099 1043 1145 praeter
1063 1091 1344 1146 quotidianam
1362 1105 1564 1144 pecorum
1583 1107 1656 1135 cu-

211 1177 440 1229 rationem,
472 1177 513 1218 in
545 1191 597 1219 eo
625 1179 711 1219 fere
737 1188 1022 1234 occupantur,
1059 1190 1111 1222 ut
1141 1181 1335 1235 aedificia,
1362 1183 1586 1237 sepesque,
1617 1185 1658 1226 &

211 1269 487 1311 instrumenta
507 1300 519 1320 ,
558 1270 643 1310 five
671 1282 765 1324 quae
796 1270 838 1312 in
863 1283 992 1325 opere
1022 1271 1325 1325 laboraverint,
1363 1272 1540 1325 refeaa,
1571 1275 1655 1316 five

211 1371 305 1415 quae
335 1360 481 1412 caries,
522 1357 794 1413 vetustasque
827 1356 987 1402 inutilia
1019 1361 1190 1414 fecerit,
1220 1362 1367 1414 novis,
1397 1361 1655 1403 recentibus·

208 1463 294 1506 que
322 1451 510 1505 suppleta
529 1450 720 1489 habeant.
751 1451 905 1504 Neque
928 1450 1038 1492 enim
1065 1451 1317 1494 rusticorum
1345 1451 1545 1506 quispiam
1570 1450 1653 1498 est,

208 1541 281 1596 qui
301 1553 474 1589 currus,
507 1538 723 1590 vehicula,
754 1547 908 1588 aratra,
938 1539 977 1580 &
1004 1552 1283 1596 quaecumque
1305 1543 1402 1583 sunt
1435 1542 1567 1597 lignea
1599 1542 1655 1583 in·
1704 1537 1708 1540 ’

207 1629 465 1682 strumenta,
495 1644 519 1671 a
543 1630 724 1685 lignariis
746 1631 893 1686 potius
926 1642 1066 1671 emere
1090 1660 1104 1680 ,
1145 1643 1274 1686 quam
1307 1631 1390 1687 ipse
1422 1632 1491 1674 fibi
1519 1633 1651 1675 facere

208 1720 327 1761 velit.
358 1722 449 1762 Nec
473 1720 716 1763 indecorum
739 1721 969 1764 existimant
991 1720 1163 1773 tibialia,
1193 1721 1458 1779 digitaliaque
1488 1737 1511 1765 e
1530 1724 1656 1767 laneis

208 1809 285 1851 filis
307 1820 557 1864 contexere,
586 1812 938 1868 quandocumque
966 1814 1015 1854 ab
1041 1813 1118 1855 alio
1141 1826 1271 1868 opere
1294 1814 1410 1856 vacui
1441 1814 1552 1856 sunt.
1584 1817 1655 1857 Iu·

207 1912 363 1943 ventus
395 1901 532 1944 aest'ate
555 1916 708 1957 pecora
740 1903 788 1944 ad
820 1902 982 1957 pastum
1017 1904 1209 1945 exeuntia
1241 1904 1431 1959 sequitur
1463 1905 1655 1948 manibus-

206 2004 441 2046 numquam
463 1995 513 2035 ab
531 2005 660 2048 opere
687 1993 850 2043 vacuis,
880 2006 978 2036 cum
1000 2006 1065 2035 eas
1085 1993 1230 2048 potius
1252 2002 1325 2034 aut
1345 1994 1411 2035 fila
1431 1993 1656 2048 ducendo„

205 2091 280 2124 aut
302 2090 468 2126 textum
497 2084 802 2140 quodcumque
834 2082 1020 2125 faciendo
1050 2082 1244 2146 distentas
1269 2086 1430 2127 habeat.

362 2176 463 2216 Non
486 2175 576 2217 alibi
598 2174 896 2231 negotiofiores
919 2172 997 2216 effe
1017 2174 1209 2216 mulieres
1231 2174 1499 2224 arbitramur,
1521 2187 1651 2230 quam

206 2262 253 2306 in
270 2263 492 2308 Sclavenia.
522 2267 804 2321 Praeterquam
830 2265 940 2307 enim
954 2298 968 2319 ,
999 2265 1113 2322 quod
1136 2265 1179 2309 in
1198 2279 1372 2322 operum
1394 2264 1654 2309 rusticorum:

876 2361 918 2413 Q
952 2370 983 2400 2
1498 2369 1595 2410 par·-
