1916 2805
638 167 693 227 ει
813 142 1217 228 (1295ss

408 281 456 323 ln
483 278 666 334 prolium
695 279 943 321 educatione
968 278 1070 321 nihil
1091 290 1340 335 magnopere
1360 279 1472 322 ἀὶᾶὶυ
1486 279 1662 336 dignum

213 368 382 410 habent.
416 370 490 410 Eas
503 378 677 417 matre8‚
708 368 750 410 ni
773 368 875 424 quid
897 367 1064 421 obstet,
1093 369 1220 411 bimas
1243 369 1368 411 etiam
1384 400 1396 420 ,
1428 369 1659 425 trimasque

215 458 262 498 ad
288 460 413 499 ubera
443 457 706 505 admittunt3
736 471 823 500 non
854 468 995 502 tamen
1026 460 1241 516 negligunt
1265 472 1331 501 eas
1360 459 1440 501 aliis
1472 468 1667 514 praeterea

216 546 419 588 alimentis
448 546 618 600 fovere,
659 561 847 603 quorum
877 549 1132 604 praecipuum
1160 548 1219 591 est
1245 550 1397 602 farina,
1428 559 1501 592 aut
1532 551 1665 593 mollis

216 637 445 679 cucurbitae
470 638 644 679 medulla
672 652 765 679 cum
788 639 887 680 laEte
915 636 1125 679 concoe'ta.
1157 641 1223 681 De
1249 640 1428 682 farinoso
1455 642 1662 695 pulmenti

217 739 395 782 genere,
437 726 640 780 quoniam
672 727 781 780 apud
812 739 889 768 nos
925 739 1102 781 quoque
1133 728 1193 769 est
1226 731 1267 770 in
1301 731 1403 781 usu,
1442 731 1666 773 tacendum

218 827 310 856 non
335 815 586 856 arbitramur
608 843 622 863 ,
669 814 709 854 id
743 809 1018 870 chffelmayero
1049 816 1325 869 perniciosum
1346 848 1359 868 ‚
1407 820 1445 860 &
1480 819 1667 872 pluribus

218 905 332 947 forte
361 903 596 956 mortibuS,
627 915 801 959 quarum
825 902 960 948 causs‘ae
986 907 1255 962 ignorantur,
1286 908 1527 949 damnatum
1557 908 1670 949 vide-

215 996 278 1047 ri,
318 995 436 1050 quod
467 995 641 1036 tenellus
677 995 897 1038 infantium
932 997 1169 1040 stomachus
1204 999 1489 1055 glutinosum,
1527 1012 1665 1055 neque

216 1087 430 1129 fermento
490 1083 730 1127 edomitum
782 1064 917 1128 farinae
960 1090 1168 1132 lentorem
1212 1092 1417 1132 conficere
1468 1100 1662 1146 nequeat.

224 1175 363 1234 Opusc.
389 1174 507 1230 sceti.
544 1172 599 1219 11.
633 1183 729 1232 pag.
756 1190 851 1231 315.
883 1181 1063 1223 Celebris
1092 1191 1235 1224 tamen
1264 1178 1404 1237 Bergii
1430 1181 1586 1224 diversa
1608 1180 1667 1224 est

217 1269 268 1308 ab
291 1269 368 1308 hac
406 1265 625 1307 sententia.
657 1269 769 1309 Cum
803 1269 912 1311 enim
934 1271 1070 1313 sumat
1111 1280 1251 1326 partes
1274 1271 1538 1313 nutrimento
1556 1281 1670 1327 aptas

218 1359 432 1401 fermento
459 1358 500 1399 in
525 1356 715 1411 spiritum
745 1360 977 1409 extenuari,
1008 1370 1136 1416 atque
1167 1361 1207 1402 in
1230 1374 1345 1402 auras
1370 1361 1508 1414 dilabi,
1539 1375 1669 1417 quos-

222 1460 405 1501 cumque
448 1447 594 1487 melius
639 1448 858 1499 pulmento
882 1482 895 1503 ‚
954 1463 1081 1505 quam
1121 1464 1224 1505 pane
1271 1450 1420 1493 nutriri
1457 1452 1670 1496 existimat.

221 1533 401 1582 Schwcd.
430 1531 617 1579 Abhandl.
650 1531 819 1578 XXXV.
843 1545 940 1594 pag.
974 1542 1044 1583 26.
1076 1540 1281 1581 Nostrum
1309 1555 1391 1584 non
1417 1542 1477 1584 est
1500 1547 1606 1586 hanc
1631 1546 1674 1587 li-

221 1637 309 1671 tem
332 1628 536 1669 dirimere.
567 1627 747 1670 Infantes
769 1629 897 1672 fasciis
921 1628 1286 1682 circumveniunt,
1318 1644 1672 1690 componuntque

223 1719 266 1761 in
295 1718 422 1761 cunis.
453 1721 565 1760 Cum
589 1717 671 1769 jam
697 1719 1014 1773 quadrimestres
1036 1719 1158 1771 sunt,
1189 1732 1260 1762 eos
1285 1721 1424 1763 secum
1452 1723 1500 1764 ad
1527 1739 1670 1780 agrum

222 1809 419 1851 deferunt
432 1841 444 1860 ,
468 1818 596 1863 atque
609 1809 676 1859 ‚ni
696 1823 821 1852 cunas
837 1821 1021 1866 quoque
1038 1811 1393 1865 deportaverunt,
1413 1813 1453 1855 in
1477 1815 1606 1858 linteo
1623 1830 1672 1859 ex

223 1902 373 1942 arbore
411 1898 681 1954 suspendunt.
720 1900 781 1941 Ad
828 1902 1022 1954 quemvis
1063 1903 1254 1958 vagitum
1293 1905 1472 1947 accurrit
1515 1917 1671 1958 mater,

224 1991 537 2045 clamoremque
563 1991 819 2045 deprompto
843 2003 866 2031 e
899 1992 1143 2044 cucurbita,
1204 1993 1324 2043 cujus
1364 2008 1496 2050 genus
1536 1997 1669 2051 quod-

223 2080 318 2121 dam
361 2077 595 2136 (lagenaria
611 2079 752 2135 Lina.)
783 2080 823 2122 in
845 2080 1058 2136 liquorum
1084 2082 1438 2127 continendorum
1456 2087 1573 2128 usum
1600 2100 1671 2129 ve-

223 2169 287 2211 nit
308 2183 534 2213 urceorum
564 2172 684 2221 uice,
732 2173 901 2215 modico
944 2185 968 2214 e
1002 2172 1147 2226 prunis
1175 2174 1321 2228 spiritu
1355 2173 1607 2230 (Slivovicza
1630 2176 1670 2231 ),

230 2259 381 2314 orique
405 2259 578 2302 infantis
606 2261 749 2305 infuso
769 2264 1022 2318 .c0mpescit.
1070 2266 1227 2307 Scholae
1260 2267 1476 2318 juventuti
1512 2268 1673 2312 rusticae

941 2357 976 2396 R
1535 2358 1617 2412 pri-
