1916 2805
625 184 680 240 Q<
792 184 1031 241 (145)
1148 186 1204 244 ΣΞ(

185 295 294 337 tibus
323 294 628 350 disponuntur;
648 296 714 337 sed
733 298 854 352 longe
875 295 1039 338 maximi
1061 297 1268 339 culturam
1290 310 1376 339 non
1396 298 1618 354 accipiunt,

182 385 318 428 inaffis
340 385 381 427 in
403 397 474 427 eos
503 399 708 440 pecorum
727 387 918 443 gregibus
933 418 946 439 ,
979 399 1167 442 quorum
1198 389 1327 445 gratia
1363 391 1494 444 campi
1518 390 1621 433 vasti

182 476 485 531 relinquuntur.
536 477 749 518 Numerus
782 476 1093 531 impascentium
1123 492 1350 533 pecorum,
1381 482 1409 522 fi
1435 494 1459 521 e
1491 481 1621 523 modo

181 579 424 621 camporum
446 566 695 617 aestimetur,
722 566 893 622 exiguus
908 598 921 618 ‚
943 567 971 607 fi
988 579 1011 608 e
1032 568 1326 622 muititudine,
1349 571 1623 626 bonitateque

180 656 346 710 pabuli,
379 656 491 696 forte
515 656 761 698 immodicus
789 654 861 697 est.
900 657 1011 698 Nam
1031 658 1127 711 quid
1149 659 1331 701 sabulum
1346 691 1359 712 ‚
1391 670 1619 716 quantum-

181 745 244 786 vis
267 753 576 799 temperatum,
606 746 721 787 nullo
751 746 915 786 cultore
939 747 1125 799 proferat
1143 777 1155 797 ,
1185 758 1335 801 praeter
1366 763 1523 803 raram,
1558 760 1622 792 te-

179 846 393 888 nuemque
421 834 618 884 herbam,
657 846 753 888 quae
775 843 959 874 armenta
991 838 1212 877 commode
1242 839 1369 889 alere,
1401 851 1544 894 greges
1572 841 1624 881 131-

179 924 279 965 tiare
305 936 390 964 non
415 921 571 978 poffit?
611 925 849 966 Plantarum
874 925 963 965 haec
994 925 1083 967 fere
1112 928 1288 969 varietas
1321 928 1406 970 est:
1438 925 1625 985 Gnapha⁴

179 1011 269 1056 lium
302 1013 529 1056 arenarium
554 1045 566 1066 ,
611 1021 826 1056 centaurea
856 1013 1084 1070 paniculum
1105 1048 1118 1068 ,
1159 1017 1197 1059 &
1219 1018 1364 1073 jacea,
1400 1015 1622 1075 Pimpz'neHa

166 1103 380 1159 fizxzfraga
395 1132 407 1151 ‚
440 1100 677 1146 Athamanta
701 1101 909 1155 cervaria,
937 1099 1239 1147 Xeranthemum
1260 1120 1461 1160 annuum,
1489 1105 1625 1164 Brcffl·

179 1209 227 1237 ca
261 1207 411 1247 eruca,
440 1191 615 1246 scabiosa
643 1188 894 1246 ocbroleuca‚
924 1191 1090 1237 Achillea
1122 1192 1375 1249 millefolium,
1407 1193 1624 1254 Euphrasta

178 1283 314 1338 lutea,
343 1286 380 1327 δι
404 1286 541 1339 plures
568 1279 803 1338 Euphorbiae
828 1283 995 1338 species.
1016 1285 1049 1325 E
1071 1285 1324 1341 graminibus
1338 1287 1628 1343 frequentiora

177 1376 298 1417 sunt:
324 1372 503 1417 Panicum
526 1369 726 1429 ᾱαὲἷγῖοη,
741 1370 814 1415 Ροα
838 1369 1082 1428 eragrostis,
1105 1376 1143 1418 &
1167 1373 1370 1418 Ceno-brus
1390 1378 1624 1434 rac-enims,

179 1478 268 1519 quae
304 1454 485 1519 figendo*
504 1464 641 1503 sabulo
665 1475 790 1517 quam
816 1464 994 1506 maxime
1013 1467 1325 1509 accommodata
1345 1465 1422 1510 effe
1441 1470 1627 1513 observa—

176 1555 335 1601 vimus3
360 1563 456 1594 tum
489 1548 758 1606 Andropogon
796 1548 1026 1604 ischaemum,
1050 1551 1161 1610 stipa
1199 1555 1382 1612 capillata
1412 1590 1426 1610 ,
1463 1560 1503 1602 &
1535 1561 1628 1615 jun*

177 1658 274 1697 cea,
315 1657 506 1700 quorum
540 1641 658 1684 aridis
695 1656 717 1683 e
737 1641 902 1684 n‘rvium
921 1642 1219 1699 integumento
1243 1646 1519 1691 eminentibus
1541 1651 1627 1691 cul-

179 1735 257 1777 mis
293 1747 469 1789 pecora,
498 1733 635 1789 quoad
654 1732 840 1775 hiem-em
859 1732 903 1774 in
925 1748 1075 1790 campo
1105 1737 1282 1779 tolerare
1299 1748 1520 1793 coguntur
1534 1771 1546 1791 ,
1573 1740 1630 1782 fa-

180 1838 293 1867 mem
306 1837 391 1866 non
411 1832 498 1864 tam
518 1825 758 1879 propulsant
774 1855 787 1876 ‚
807 1838 934 1880 quam
950 1825 1159 1882 mitigant.
1178 1828 1472 1884 Quaecumque
1485 1840 1629 1873 autem

176 1926 300 1959 terrae
328 1924 461 1956 aratro
488 1923 712 1956 commotae
743 1915 870 1967 sunt,
909 1928 964 1957 eae
991 1917 1107 1959 brevi
1138 1916 1235 1973 post
1261 1928 1453 1974 tempore
1485 1919 1628 1974 Salsola

181 2003 296 2058 Kali,
327 2006 365 2047 &
392 1999 615 2059 prostrata,
646 2018 723 2046 nec
746 2016 834 2046 non
861 2002 1086 2062 Polycnemo
1115 2005 1271 2058 arvenli
1296 2008 1525 2063 implentur
1549 2025 1627 2065 eo,

176 2107 230 2139 ut
249 2099 313 2139 hae
331 2098 476 2151 plantae
494 2094 743 2150 praecipuum
761 2096 872 2137 inter
895 2096 1060 2139 inutiles
1081 2097 1175 2139 satis
1196 2098 1515 2142 internascentes
1535 2103 1629 2144 her-

174 2188 248 2229 bas
270 2188 410 2228 locum
432 2186 661 2232 obtineant.
692 2186 792 2229 Non
813 2186 872 2230 est
889 2188 958 2230 hic
973 2189 1090 2230 nobis
1110 2191 1445 2244 praetereundum
1463 2189 1627 2234 no'vum

175 2276 389 2332 :quoddam
412 2272 640 2319 Cheiranthi
671 2291 827 2333 geum,
859 2279 977 2334 quod
1004 2279 1070 2321 his
1102 2279 1255 2335 campis
1283 2281 1365 2333 jam
1387 2284 1598 2337 quondam
1614 2316 1630 2337 ⁹

857 2369 895 2410 T
1526 2373 1572 2415 ἃ
