1916 2805
623 151 1032 210 231(105)
1153 149 1207 208 ὶῖζ

206 262 371 307 semiffis
396 263 656 307 crassitudine
684 263 725 305 in
763 264 908 305 lateres
935 263 1140 319 eleganter
1172 264 1324 305 rubeos
1360 262 1508 317 coelae,
1539 264 1646 306 intra

207 366 338 409 quam
365 356 627 396 cochlearum
649 354 911 395 domunculae
935 353 977 394 in
1005 352 1118 394 calcis
1150 362 1341 396 naturam
1369 356 1418 396 ab
1447 355 1542 410 igne
1566 355 1646 396 abi-

205 453 332 484 erunt
346 458 358 489 5
387 442 578 498 sequ‘itur
605 442 780 484 stratum
804 442 946 499 argillae
967 456 990 483 a
1021 443 1137 498 pedis
1159 443 1376 486 altitudine
1398 457 1480 485 una
1503 451 1651 499 quarta

203 530 420 583 deficiens,
463 535 618 587 absque
640 534 900 574 cochlearum
930 532 1131 584 mixtura,
1164 534 1418 587 inaequaliter
1447 535 1645 582 excoctae5

203 621 305 662 huic
319 622 487 661 demum
506 621 687 670 subjacet
712 619 886 661 stratum
910 621 1076 675 nigrum
1091 623 1200 663 inter
1218 623 1365 676 pedem
1389 636 1523 666 unum
1544 638 1643 666 cum

203 705 357 750 semiffe
391 709 432 748 ἃ*
459 707 676 749 dimidium
703 709 851 761 pedem
875 705 1043 749 crassum
1074 709 1123 749 illi
1153 711 1427 763 fimillimum,
1465 714 1580 767 quod
1605 714 1646 754 in

205 794 359 839 Kutina
383 795 588 849 vidimus,
608 797 673 838 sed
697 799 851 851 absque
875 795 990 838 omni
1010 795 1265 839 litanthracis
1291 799 1460 849 alicujus
1480 801 1646 854 indicio,

205 899 334 941 quem
354 886 458 942 igne*
471 886 770 940 consumptum
788 883 900 927 fuisse
917 917 930 938 ‚
960 886 1174 928 veriflmile
1195 885 1275 935 est3
1305 887 1566 942 postremum
1587 889 1647 931 est

203 975 380 1019 stratum
400 976 541 1032 argillae
561 976 698 1018 mixtae
720 976 889 1018 cinereae
903 1007 916 1025 ‚
953 977 992 1018 ὅτ
1012 977 1280 1019 flavescentis.

394 1067 491 1109 Bina
524 1068 607 1109 hoc
645 1068 738 1109 loco
776 1076 895 1123 capta
931 1067 1164 1109 animalcula
1202 1070 1523 1112 commemorari
1558 1081 1645 1111 me-

203 1165 377 1200 rentur:

429 1244 605 1289 Carabus
637 1245 1004 1304 paraHelepipedus.
1042 1251 1218 1305 Caput,
1260 1251 1439 1301 thorax,
1484 1250 1643 1303 elytra,

201 1335 412 1391 pedesque
441 1337 566 1391 picea.
617 1341 907 1382 Antennarum
943 1339 1101 1381 articuli
1134 1355 1156 1381 a
1195 1339 1351 1394 quinto
1385 1338 1480 1393 post
1517 1340 1643 1381 bafirn

200 1439 346 1468 omnes
369 1427 548 1469 testaceo
571 1428 838 1469 rufescentes.
870 1428 1036 1470 Thorax
1058 1429 1240 1485 margine
1260 1429 1409 1471 laterali
1431 1431 1645 1471 subrecur-

201 1528 285 1563 vo,
314 1515 424 1556 sulco
450 1516 587 1558 medio
614 1529 689 1570 per
713 1525 851 1559 totam
870 1517 1202 1574 longitudinem,
1233 1519 1397 1559 duobus
1422 1531 1528 1560 vero
1549 1531 1643 1572 pro-

205 1604 466 1646 fundioribus
491 1607 634 1649 versus
665 1608 742 1648 alas
767 1606 1017 1654 dimidiati23
1047 1608 1178 1662 elytra
1205 1606 1364 1648 lineata.
1401 1609 1584 1648 Lamellae
1607 1608 1649 1649 in

204 1694 432 1737 femoribus
455 1696 542 1736 fere
565 1698 671 1739 ultra
699 1697 916 1739 dimidium
944 1695 1157 1738 femorum
1189 1696 1418 1752 produitae.
1445 1698 1579 1752 Long.
1603 1711 1643 1751 7.

202 1786 268 1828 lin.
307 1782 403 1828 Tab.
429 1787 541 1828 VIII.
567 1784 654 1841 Fig.
682 1797 745 1838 ις.

395 1871 542 1931 Sylpba
578 1871 924 1918 Markovicbiana.
973 1877 1133 1919 Habitu
1160 1889 1260 1920 cum
1290 1877 1434 1934 sylpha
1469 1877 1645 1919 sabulofa

206 1965 419 2008 convenit.
451 1968 655 2008 Antennae
680 1966 981 2008 moniliformes
1001 1967 1231 2009 extrorsum
1259 1966 1467 2009 craffiores
1499 1966 1647 2013 fuscae3

206 2056 358 2098 thorax
384 2054 497 2096 fusco
512 2077 529 2085 -
544 2054 730 2096 cinereus
761 2055 803 2097 in
829 2055 969 2096 medio
991 2056 1032 2097 in
1053 2056 1224 2112 gibbum
1252 2058 1312 2099 fiat
1338 2059 1469 2099 altum
1491 2056 1548 2098 ita
1571 2058 1647 2097 ele*

203 2153 357 2196 vatur,
397 2153 448 2186 ut
477 2144 689 2186 summum
719 2144 807 2194 eius
831 2145 896 2186 sex
913 2148 1128 2189 tubercula
1150 2147 1325 2189 ovaliter
1343 2150 1476 2202 pofita
1500 2148 1543 2188 in
1561 2160 1647 2189 me·

204 2233 273 2276 dio
300 2247 528 2280 concavum
552 2235 716 2277 faciant.
754 2237 902 2292 Margo
934 2237 1116 2279 thoracis
1145 2236 1358 2280 latiffimus
1386 2227 1582 2280 albescens
1608 2237 1647 2279 ὅτ

909 2324 956 2366 O
1468 2327 1590 2370 serra-
