<?xml version="1.0" encoding="UTF-8"?>
<!DOCTYPE html PUBLIC "-//W3C//DTD XHTML 1.0 Transitional//EN"
    "http://www.w3.org/TR/xhtml1/DTD/xhtml1-transitional.dtd">
<html xmlns="http://www.w3.org/1999/xhtml" xml:lang="en" lang="en">
 <head>
  <title>
</title>
<meta http-equiv="Content-Type" content="text/html;charset=utf-8" />
  <meta name='ocr-system' content='tesseract 3.04.00' />
  <meta name='ocr-capabilities' content='ocr_page ocr_carea ocr_par ocr_line ocrx_word'/>
</head>
<body>
  <div class='ocr_page' id='page_1' title='image "./iterperposeganam00pill_0061.png"; bbox 0 0 1916 2805; ppageno 0'>
   <div class='ocr_carea' id='block_1_1' title="bbox 613 157 1170 217">
    <p class='ocr_par' dir='ltr' id='par_1_1' title="bbox 613 157 1170 217">
     <span class='ocr_line' id='line_1_1' title="bbox 613 157 1170 217; baseline 0 -1"><span class='ocrx_word' id='word_1_1' title='bbox 613 157 668 216; x_wconf 54' lang='grc' dir='ltr'>ΣΞ</span> <span class='ocrx_word' id='word_1_2' title='bbox 783 158 997 217; x_wconf 81' lang='lat'>(57)</span> <span class='ocrx_word' id='word_1_3' title='bbox 1115 157 1170 216; x_wconf 64' lang='lat'>³3&lt;</span> 
     </span>
    </p>
   </div>
   <div class='ocr_carea' id='block_1_2' title="bbox 172 267 1685 2208">
    <p class='ocr_par' dir='ltr' id='par_1_2' title="bbox 172 267 1630 1401">
     <span class='ocr_line' id='line_1_2' title="bbox 172 267 1617 326; baseline -0.001 -12"><span class='ocrx_word' id='word_1_4' title='bbox 172 270 328 314; x_wconf 84' lang='lat' dir='ltr'>ferrum</span> <span class='ocrx_word' id='word_1_5' title='bbox 357 267 532 326; x_wconf 80' lang='lat' dir='ltr'>palustre</span> <span class='ocrx_word' id='word_1_6' title='bbox 559 278 634 312; x_wconf 85' lang='lat' dir='ltr'>aut</span> <span class='ocrx_word' id='word_1_7' title='bbox 660 270 731 325; x_wconf 75' lang='lat' dir='ltr'>ipsi</span> <span class='ocrx_word' id='word_1_8' title='bbox 756 270 938 312; x_wconf 84' lang='lat' dir='ltr'>vidimus</span> <span class='ocrx_word' id='word_1_9' title='bbox 955 301 967 322; x_wconf 95' lang='lat'>‚</span> <span class='ocrx_word' id='word_1_10' title='bbox 996 279 1070 312; x_wconf 90' lang='lat' dir='ltr'>aut</span> <span class='ocrx_word' id='word_1_11' title='bbox 1096 285 1118 312; x_wconf 85' lang='lat' dir='ltr'>a</span> <span class='ocrx_word' id='word_1_12' title='bbox 1146 283 1365 326; x_wconf 88' lang='lat' dir='ltr'>quoquam</span> <span class='ocrx_word' id='word_1_13' title='bbox 1393 270 1525 314; x_wconf 85' lang='lat' dir='ltr'>visum</span> <span class='ocrx_word' id='word_1_14' title='bbox 1559 270 1617 312; x_wconf 88' lang='lat' dir='ltr'>in·</span> 
     </span>
     <span class='ocr_line' id='line_1_3' title="bbox 173 357 1619 417; baseline -0.002 -14"><span class='ocrx_word' id='word_1_15' title='bbox 173 362 416 404; x_wconf 84' lang='lat' dir='ltr'>telleximus.</span> <span class='ocrx_word' id='word_1_16' title='bbox 458 363 558 404; x_wconf 91' lang='lat' dir='ltr'>Non</span> <span class='ocrx_word' id='word_1_17' title='bbox 587 357 663 402; x_wconf 83' lang='lat' dir='ltr'>effe</span> <span class='ocrx_word' id='word_1_18' title='bbox 692 371 832 401; x_wconf 87' lang='lat' dir='ltr'>tamen</span> <span class='ocrx_word' id='word_1_19' title='bbox 865 362 944 402; x_wconf 85' lang='lat' dir='ltr'>hos</span> <span class='ocrx_word' id='word_1_20' title='bbox 972 362 1160 417; x_wconf 90' lang='lat' dir='ltr'>globulos</span> <span class='ocrx_word' id='word_1_21' title='bbox 1184 362 1339 415; x_wconf 80' lang='lat' dir='ltr'>absque</span> <span class='ocrx_word' id='word_1_22' title='bbox 1362 360 1476 401; x_wconf 89' lang='lat' dir='ltr'>omni</span> <span class='ocrx_word' id='word_1_23' title='bbox 1505 360 1619 401; x_wconf 89' lang='lat' dir='ltr'>ferro</span> 
     </span>
     <span class='ocr_line' id='line_1_4' title="bbox 174 442 1620 507; baseline -0.001 -15"><span class='ocrx_word' id='word_1_24' title='bbox 174 442 397 493; x_wconf 73' lang='lat' dir='ltr'>e&#39;caeruleo</span> <span class='ocrx_word' id='word_1_25' title='bbox 432 449 702 500; x_wconf 80' lang='lat' dir='ltr'>Berolinenli,</span> <span class='ocrx_word' id='word_1_26' title='bbox 735 449 848 503; x_wconf 90' lang='lat' dir='ltr'>quod</span> <span class='ocrx_word' id='word_1_27' title='bbox 878 450 984 491; x_wconf 82' lang='lat' dir='ltr'>alcali</span> <span class='ocrx_word' id='word_1_28' title='bbox 1011 450 1350 507; x_wconf 85' lang='lat' dir='ltr'>phlogisticatum</span> <span class='ocrx_word' id='word_1_29' title='bbox 1380 444 1620 504; x_wconf 81' lang='lat' dir='ltr'>Bergmanni</span> 
     </span>
     <span class='ocr_line' id='line_1_5' title="bbox 176 540 1622 596; baseline 0.001 -15"><span class='ocrx_word' id='word_1_30' title='bbox 176 553 198 581; x_wconf 92' lang='lat' dir='ltr'>e</span> <span class='ocrx_word' id='word_1_31' title='bbox 233 541 394 596; x_wconf 90' lang='lat' dir='ltr'>liquore</span> <span class='ocrx_word' id='word_1_32' title='bbox 418 541 602 590; x_wconf 83' lang='lat' dir='ltr'>nitroso,</span> <span class='ocrx_word' id='word_1_33' title='bbox 635 540 766 580; x_wconf 87' lang='lat' dir='ltr'>soluta</span> <span class='ocrx_word' id='word_1_34' title='bbox 798 552 949 582; x_wconf 69' lang='lat' dir='ltr'>eorum</span> <span class='ocrx_word' id='word_1_35' title='bbox 984 541 1151 582; x_wconf 85' lang='lat' dir='ltr'>materia</span> <span class='ocrx_word' id='word_1_36' title='bbox 1178 542 1343 590; x_wconf 83' lang='lat' dir='ltr'>saturo,</span> <span class='ocrx_word' id='word_1_37' title='bbox 1373 540 1414 581; x_wconf 90' lang='lat' dir='ltr'>in</span> <span class='ocrx_word' id='word_1_38' title='bbox 1441 540 1622 582; x_wconf 89' lang='lat' dir='ltr'>fundum</span> 
     </span>
     <span class='ocr_line' id='line_1_6' title="bbox 175 626 1623 684; baseline -0.002 -13"><span class='ocrx_word' id='word_1_39' title='bbox 175 629 383 680; x_wconf 84' lang='lat' dir='ltr'>detraxit,</span> <span class='ocrx_word' id='word_1_40' title='bbox 424 626 652 668; x_wconf 84' lang='lat' dir='ltr'>existimare</span> <span class='ocrx_word' id='word_1_41' title='bbox 680 636 948 680; x_wconf 76' lang='lat' dir='ltr'>poteramus,</span> <span class='ocrx_word' id='word_1_42' title='bbox 981 630 1052 670; x_wconf 74' lang='lat' dir='ltr'>nili</span> <span class='ocrx_word' id='word_1_43' title='bbox 1090 630 1264 684; x_wconf 85' lang='lat' dir='ltr'>suspicio</span> <span class='ocrx_word' id='word_1_44' title='bbox 1295 626 1431 670; x_wconf 81' lang='lat' dir='ltr'>suiffet</span> <span class='ocrx_word' id='word_1_45' title='bbox 1452 659 1465 680; x_wconf 91' lang='lat'>,</span> <span class='ocrx_word' id='word_1_46' title='bbox 1496 638 1623 669; x_wconf 77' lang='lat' dir='ltr'>caeru·</span> 
     </span>
     <span class='ocr_line' id='line_1_7' title="bbox 175 713 1623 769; baseline -0.002 -8"><span class='ocrx_word' id='word_1_47' title='bbox 175 720 284 761; x_wconf 87' lang='lat' dir='ltr'>leum</span> <span class='ocrx_word' id='word_1_48' title='bbox 304 731 388 757; x_wconf 87' lang='lat' dir='ltr'>non</span> <span class='ocrx_word' id='word_1_49' title='bbox 415 729 438 756; x_wconf 91' lang='lat' dir='ltr'>e</span> <span class='ocrx_word' id='word_1_50' title='bbox 463 715 638 756; x_wconf 56' lang='lat' dir='ltr'>materia&gt;</span> <span class='ocrx_word' id='word_1_51' title='bbox 659 716 812 766; x_wconf 66' lang='lat' dir='ltr'>soluta,</span> <span class='ocrx_word' id='word_1_52' title='bbox 845 716 908 756; x_wconf 90' lang='lat' dir='ltr'>sed</span> <span class='ocrx_word' id='word_1_53' title='bbox 942 716 1085 769; x_wconf 84' lang='lat' dir='ltr'>potius</span> <span class='ocrx_word' id='word_1_54' title='bbox 1107 730 1130 758; x_wconf 93' lang='lat' dir='ltr'>e</span> <span class='ocrx_word' id='word_1_55' title='bbox 1150 716 1292 758; x_wconf 84' lang='lat' dir='ltr'>lixivio</span> <span class='ocrx_word' id='word_1_56' title='bbox 1318 713 1516 758; x_wconf 79' lang='lat' dir='ltr'>decidiffe.</span> <span class='ocrx_word' id='word_1_57' title='bbox 1547 718 1623 758; x_wconf 87' lang='lat' dir='ltr'>Ea·</span> 
     </span>
     <span class='ocr_line' id='line_1_8' title="bbox 176 802 1626 861; baseline -0.002 -12"><span class='ocrx_word' id='word_1_58' title='bbox 176 802 271 849; x_wconf 85' lang='lat' dir='ltr'>dem</span> <span class='ocrx_word' id='word_1_59' title='bbox 299 805 411 847; x_wconf 87' lang='lat' dir='ltr'>enim</span> <span class='ocrx_word' id='word_1_60' title='bbox 450 803 604 845; x_wconf 89' lang='lat' dir='ltr'>solutio</span> <span class='ocrx_word' id='word_1_61' title='bbox 635 802 825 845; x_wconf 58' lang='lat' dir='ltr'>instillato</span> <span class='ocrx_word' id='word_1_62' title='bbox 853 803 994 846; x_wconf 84' lang='lat' dir='ltr'>lixivio</span> <span class='ocrx_word' id='word_1_63' title='bbox 1026 805 1230 861; x_wconf 84' lang='lat' dir='ltr'>sanguinis</span> <span class='ocrx_word' id='word_1_64' title='bbox 1262 807 1431 861; x_wconf 84' lang='lat' dir='ltr'>vulgata</span> <span class='ocrx_word' id='word_1_65' title='bbox 1462 804 1626 846; x_wconf 87' lang='lat' dir='ltr'>ratione</span> 
     </span>
     <span class='ocr_line' id='line_1_9' title="bbox 177 894 1625 952; baseline 0 -16"><span class='ocrx_word' id='word_1_66' title='bbox 177 903 408 952; x_wconf 70' lang='lat' dir='ltr'>praeparato</span> <span class='ocrx_word' id='word_1_67' title='bbox 432 895 648 949; x_wconf 85' lang='lat' dir='ltr'>pulverem</span> <span class='ocrx_word' id='word_1_68' title='bbox 685 908 771 937; x_wconf 88' lang='lat' dir='ltr'>non</span> <span class='ocrx_word' id='word_1_69' title='bbox 806 896 1021 937; x_wconf 72' lang='lat' dir='ltr'>caeruleum</span> <span class='ocrx_word' id='word_1_70' title='bbox 1041 926 1054 948; x_wconf 85' lang='lat'>,</span> <span class='ocrx_word' id='word_1_71' title='bbox 1091 895 1160 936; x_wconf 85' lang='lat' dir='ltr'>sed</span> <span class='ocrx_word' id='word_1_72' title='bbox 1197 895 1416 937; x_wconf 89' lang='lat' dir='ltr'>candidum</span> <span class='ocrx_word' id='word_1_73' title='bbox 1448 894 1625 944; x_wconf 73' lang='lat' dir='ltr'>dimifit,</span> 
     </span>
     <span class='ocr_line' id='line_1_10' title="bbox 177 982 1627 1040; baseline -0.003 -12"><span class='ocrx_word' id='word_1_74' title='bbox 177 985 540 1040; x_wconf 61' lang='lat' dir='ltr'>suspicionemque</span> <span class='ocrx_word' id='word_1_75' title='bbox 565 984 662 1025; x_wconf 86' lang='lat' dir='ltr'>ferri</span> <span class='ocrx_word' id='word_1_76' title='bbox 697 999 719 1025; x_wconf 85' lang='lat' dir='ltr'>a</span> <span class='ocrx_word' id='word_1_77' title='bbox 744 985 918 1040; x_wconf 80' lang='lat' dir='ltr'>globulis</span> <span class='ocrx_word' id='word_1_78' title='bbox 952 982 1191 1027; x_wconf 70' lang='lat' dir='ltr'>removisset</span> <span class='ocrx_word' id='word_1_79' title='bbox 1213 1016 1226 1037; x_wconf 90' lang='lat'>‚</span> <span class='ocrx_word' id='word_1_80' title='bbox 1266 986 1337 1027; x_wconf 85' lang='lat' dir='ltr'>nisi</span> <span class='ocrx_word' id='word_1_81' title='bbox 1369 999 1469 1026; x_wconf 89' lang='lat' dir='ltr'>cum</span> <span class='ocrx_word' id='word_1_82' title='bbox 1483 982 1627 1037; x_wconf 82' lang='lat' dir='ltr'>fluore</span> 
     </span>
     <span class='ocr_line' id='line_1_11' title="bbox 182 1073 1624 1131; baseline -0.002 -14"><span class='ocrx_word' id='word_1_83' title='bbox 182 1073 361 1118; x_wconf 82' lang='lat' dir='ltr'>minerali</span> <span class='ocrx_word' id='word_1_84' title='bbox 409 1075 500 1131; x_wconf 85' lang='lat' dir='ltr'>igne</span> <span class='ocrx_word' id='word_1_85' title='bbox 533 1075 693 1116; x_wconf 44' lang='lat' dir='ltr'>transsati</span> <span class='ocrx_word' id='word_1_86' title='bbox 739 1076 983 1129; x_wconf 90' lang='lat' dir='ltr'>copiosum,</span> <span class='ocrx_word' id='word_1_87' title='bbox 1029 1090 1126 1118; x_wconf 89' lang='lat' dir='ltr'>cum</span> <span class='ocrx_word' id='word_1_88' title='bbox 1152 1073 1283 1131; x_wconf 81' lang='lat' dir='ltr'>fluxu</span> <span class='ocrx_word' id='word_1_89' title='bbox 1325 1085 1467 1117; x_wconf 87' lang='lat' dir='ltr'>autem</span> <span class='ocrx_word' id='word_1_90' title='bbox 1502 1073 1624 1128; x_wconf 80' lang='lat' dir='ltr'>nigro</span> 
     </span>
     <span class='ocr_line' id='line_1_12' title="bbox 182 1164 1628 1220; baseline -0.002 -14"><span class='ocrx_word' id='word_1_91' title='bbox 182 1165 355 1220; x_wconf 82' lang='lat' dir='ltr'>optimae</span> <span class='ocrx_word' id='word_1_92' title='bbox 390 1165 516 1205; x_wconf 83' lang='lat' dir='ltr'>etiam</span> <span class='ocrx_word' id='word_1_93' title='bbox 552 1164 760 1219; x_wconf 80' lang='lat' dir='ltr'>qualitatis</span> <span class='ocrx_word' id='word_1_94' title='bbox 796 1166 954 1209; x_wconf 87' lang='lat' dir='ltr'>ferrum</span> <span class='ocrx_word' id='word_1_95' title='bbox 986 1164 1257 1208; x_wconf 75' lang='lat' dir='ltr'>reddidissent.</span> <span class='ocrx_word' id='word_1_96' title='bbox 1310 1167 1517 1207; x_wconf 87' lang='lat' dir='ltr'>Ceterum</span> <span class='ocrx_word' id='word_1_97' title='bbox 1543 1176 1628 1204; x_wconf 86' lang='lat' dir='ltr'>ma-</span> 
     </span>
     <span class='ocr_line' id='line_1_13' title="bbox 181 1252 1630 1311; baseline 0 -16"><span class='ocrx_word' id='word_1_98' title='bbox 181 1258 359 1311; x_wconf 79' lang='lat' dir='ltr'>gneliam</span> <span class='ocrx_word' id='word_1_99' title='bbox 389 1255 628 1296; x_wconf 88' lang='lat' dir='ltr'>mineralem</span> <span class='ocrx_word' id='word_1_100' title='bbox 653 1253 749 1303; x_wconf 86' lang='lat' dir='ltr'>via,</span> <span class='ocrx_word' id='word_1_101' title='bbox 791 1264 841 1296; x_wconf 86' lang='lat' dir='ltr'>ut</span> <span class='ocrx_word' id='word_1_102' title='bbox 875 1255 1022 1306; x_wconf 84' lang='lat' dir='ltr'>ajunt,</span> <span class='ocrx_word' id='word_1_103' title='bbox 1051 1257 1246 1310; x_wconf 87' lang='lat' dir='ltr'>humida,</span> <span class='ocrx_word' id='word_1_104' title='bbox 1284 1256 1383 1297; x_wconf 83' lang='lat' dir='ltr'>fleca</span> <span class='ocrx_word' id='word_1_105' title='bbox 1416 1267 1521 1296; x_wconf 85' lang='lat' dir='ltr'>vero</span> <span class='ocrx_word' id='word_1_106' title='bbox 1550 1252 1630 1296; x_wconf 86' lang='lat' dir='ltr'>exi-</span> 
     </span>
     <span class='ocr_line' id='line_1_14' title="bbox 182 1344 1258 1401; baseline 0.004 -16"><span class='ocrx_word' id='word_1_107' title='bbox 182 1359 307 1401; x_wconf 82' lang='lat' dir='ltr'>guam</span> <span class='ocrx_word' id='word_1_108' title='bbox 335 1344 491 1399; x_wconf 80' lang='lat' dir='ltr'>argenti</span> <span class='ocrx_word' id='word_1_109' title='bbox 514 1345 756 1396; x_wconf 86' lang='lat' dir='ltr'>portionem</span> <span class='ocrx_word' id='word_1_110' title='bbox 783 1358 807 1386; x_wconf 92' lang='lat' dir='ltr'>e</span> <span class='ocrx_word' id='word_1_111' title='bbox 829 1345 1004 1401; x_wconf 86' lang='lat' dir='ltr'>globulis</span> <span class='ocrx_word' id='word_1_112' title='bbox 1028 1346 1258 1389; x_wconf 82' lang='lat' dir='ltr'>elicuimus.</span> 
     </span>
    </p>

    <p class='ocr_par' dir='ltr' id='par_1_3' title="bbox 184 1430 1685 2208">
     <span class='ocr_line' id='line_1_15' title="bbox 373 1430 1629 1486; baseline 0.01 -15"><span class='ocrx_word' id='word_1_113' title='bbox 373 1436 524 1486; x_wconf 83' lang='lat' dir='ltr'>Quum</span> <span class='ocrx_word' id='word_1_114' title='bbox 545 1434 645 1474; x_wconf 87' lang='lat' dir='ltr'>nihil</span> <span class='ocrx_word' id='word_1_115' title='bbox 669 1435 717 1475; x_wconf 82' lang='lat' dir='ltr'>ad</span> <span class='ocrx_word' id='word_1_116' title='bbox 743 1430 948 1476; x_wconf 75' lang='lat' dir='ltr'>flammam</span> <span class='ocrx_word' id='word_1_117' title='bbox 966 1434 1233 1476; x_wconf 77' lang='lat' dir='ltr'>exhalandam</span> <span class='ocrx_word' id='word_1_118' title='bbox 1258 1437 1629 1483; x_wconf 87' lang='lat' dir='ltr'>adcommodatum</span> 
     </span>
     <span class='ocr_line' id='line_1_16' title="bbox 185 1519 1632 1583; baseline 0.005 -18"><span class='ocrx_word' id='word_1_119' title='bbox 185 1519 470 1578; x_wconf 76' lang='lat' dir='ltr'>reperissemus</span> <span class='ocrx_word' id='word_1_120' title='bbox 485 1553 498 1574; x_wconf 90' lang='lat'>,</span> <span class='ocrx_word' id='word_1_121' title='bbox 530 1530 686 1564; x_wconf 82' lang='lat' dir='ltr'>terram</span> <span class='ocrx_word' id='word_1_122' title='bbox 708 1536 731 1565; x_wconf 93' lang='lat' dir='ltr'>e</span> <span class='ocrx_word' id='word_1_123' title='bbox 754 1524 910 1566; x_wconf 83' lang='lat' dir='ltr'>summa</span> <span class='ocrx_word' id='word_1_124' title='bbox 933 1519 1148 1575; x_wconf 83' lang='lat' dir='ltr'>superficie</span> <span class='ocrx_word' id='word_1_125' title='bbox 1175 1524 1371 1567; x_wconf 80' lang='lat' dir='ltr'>sublatam</span> <span class='ocrx_word' id='word_1_126' title='bbox 1388 1558 1401 1578; x_wconf 93' lang='lat'>,</span> <span class='ocrx_word' id='word_1_127' title='bbox 1433 1529 1472 1569; x_wconf 85' lang='lat'>&amp;</span> <span class='ocrx_word' id='word_1_128' title='bbox 1499 1532 1632 1583; x_wconf 80' lang='lat' dir='ltr'>probe</span> 
     </span>
     <span class='ocr_line' id='line_1_17' title="bbox 184 1611 1635 1669; baseline 0.002 -14"><span class='ocrx_word' id='word_1_129' title='bbox 184 1625 280 1656; x_wconf 87' lang='lat' dir='ltr'>ante</span> <span class='ocrx_word' id='word_1_130' title='bbox 309 1615 523 1662; x_wconf 75' lang='lat' dir='ltr'>ficcatam,</span> <span class='ocrx_word' id='word_1_131' title='bbox 565 1611 606 1653; x_wconf 93' lang='lat' dir='ltr'>in</span> <span class='ocrx_word' id='word_1_132' title='bbox 636 1613 731 1654; x_wconf 88' lang='lat' dir='ltr'>vase</span> <span class='ocrx_word' id='word_1_133' title='bbox 760 1612 926 1662; x_wconf 86' lang='lat' dir='ltr'>vitreo,</span> <span class='ocrx_word' id='word_1_134' title='bbox 960 1612 1077 1666; x_wconf 90' lang='lat' dir='ltr'>quod</span> <span class='ocrx_word' id='word_1_135' title='bbox 1105 1620 1298 1656; x_wconf 79' lang='lat' dir='ltr'>retortam</span> <span class='ocrx_word' id='word_1_136' title='bbox 1323 1625 1500 1669; x_wconf 88' lang='lat' dir='ltr'>vocant,</span> <span class='ocrx_word' id='word_1_137' title='bbox 1542 1617 1635 1659; x_wconf 89' lang='lat' dir='ltr'>sub-</span> 
     </span>
     <span class='ocr_line' id='line_1_18' title="bbox 185 1701 1685 1763; baseline 0.003 -18"><span class='ocrx_word' id='word_1_138' title='bbox 185 1704 294 1756; x_wconf 52' lang='lat' dir='ltr'>je&amp;</span> <span class='ocrx_word' id='word_1_139' title='bbox 319 1703 398 1744; x_wconf 89' lang='lat' dir='ltr'>leni</span> <span class='ocrx_word' id='word_1_140' title='bbox 425 1702 518 1757; x_wconf 88' lang='lat' dir='ltr'>igne</span> <span class='ocrx_word' id='word_1_141' title='bbox 541 1716 688 1758; x_wconf 89' lang='lat' dir='ltr'>urgere</span> <span class='ocrx_word' id='word_1_142' title='bbox 713 1701 970 1743; x_wconf 88' lang='lat' dir='ltr'>instituimus</span> <span class='ocrx_word' id='word_1_143' title='bbox 988 1734 1001 1755; x_wconf 88' lang='lat'>‚</span> <span class='ocrx_word' id='word_1_144' title='bbox 1041 1713 1091 1745; x_wconf 90' lang='lat' dir='ltr'>ut</span> <span class='ocrx_word' id='word_1_145' title='bbox 1113 1705 1339 1747; x_wconf 89' lang='lat' dir='ltr'>humorem</span> <span class='ocrx_word' id='word_1_146' title='bbox 1363 1705 1566 1748; x_wconf 84' lang='lat' dir='ltr'>redderet.</span> <span class='ocrx_word' id='word_1_147' title='bbox 1598 1708 1633 1749; x_wconf 84' lang='lat' dir='ltr'>E</span> <span class='ocrx_word' id='word_1_148' title='bbox 1682 1759 1685 1763; x_wconf 15' lang='grc' dir='ltr'><strong>Α</strong></span> 
     </span>
     <span class='ocr_line' id='line_1_19' title="bbox 187 1789 1633 1850; baseline 0 -16"><span class='ocrx_word' id='word_1_149' title='bbox 187 1795 332 1850; x_wconf 90' lang='lat' dir='ltr'>pondo</span> <span class='ocrx_word' id='word_1_150' title='bbox 358 1794 491 1835; x_wconf 86' lang='lat' dir='ltr'>tribus</span> <span class='ocrx_word' id='word_1_151' title='bbox 516 1806 615 1834; x_wconf 88' lang='lat' dir='ltr'>cum</span> <span class='ocrx_word' id='word_1_152' title='bbox 638 1789 791 1832; x_wconf 82' lang='lat' dir='ltr'>semiffe</span> <span class='ocrx_word' id='word_1_153' title='bbox 815 1799 946 1833; x_wconf 87' lang='lat' dir='ltr'>unum</span> <span class='ocrx_word' id='word_1_154' title='bbox 975 1794 1117 1846; x_wconf 90' lang='lat' dir='ltr'>pondo</span> <span class='ocrx_word' id='word_1_155' title='bbox 1149 1795 1188 1838; x_wconf 85' lang='lat'>&amp;</span> <span class='ocrx_word' id='word_1_156' title='bbox 1220 1809 1376 1838; x_wconf 88' lang='lat' dir='ltr'>novem</span> <span class='ocrx_word' id='word_1_157' title='bbox 1400 1794 1633 1837; x_wconf 76' lang='lat' dir='ltr'>semiunciae</span> 
     </span>
     <span class='ocr_line' id='line_1_20' title="bbox 188 1881 1636 1941; baseline -0.001 -14"><span class='ocrx_word' id='word_1_158' title='bbox 188 1884 361 1940; x_wconf 85' lang='lat' dir='ltr'>liquoris</span> <span class='ocrx_word' id='word_1_159' title='bbox 393 1882 754 1938; x_wconf 82' lang='lat' dir='ltr'>empyreumatice</span> <span class='ocrx_word' id='word_1_160' title='bbox 780 1883 966 1925; x_wconf 83' lang='lat' dir='ltr'>foetentis</span> <span class='ocrx_word' id='word_1_161' title='bbox 997 1884 1196 1937; x_wconf 82' lang='lat' dir='ltr'>defluxit,</span> <span class='ocrx_word' id='word_1_162' title='bbox 1228 1886 1302 1941; x_wconf 89' lang='lat' dir='ltr'>qui</span> <span class='ocrx_word' id='word_1_163' title='bbox 1327 1886 1488 1927; x_wconf 86' lang='lat' dir='ltr'>ratione</span> <span class='ocrx_word' id='word_1_164' title='bbox 1519 1881 1636 1926; x_wconf 65' lang='lat' dir='ltr'>Sche1</span> 
     </span>
     <span class='ocr_line' id='line_1_21' title="bbox 190 1972 1637 2017; baseline 0 -2"><span class='ocrx_word' id='word_1_165' title='bbox 190 1972 314 2016; x_wconf 85' lang='lat' dir='ltr'>eliana</span> <span class='ocrx_word' id='word_1_166' title='bbox 351 1974 549 2014; x_wconf 57' lang='lat' dir='ltr'>transsatus</span> <span class='ocrx_word' id='word_1_167' title='bbox 578 1972 765 2014; x_wconf 86' lang='lat' dir='ltr'>nonnihil</span> <span class='ocrx_word' id='word_1_168' title='bbox 792 1972 893 2014; x_wconf 80' lang='lat' dir='ltr'>aeris</span> <span class='ocrx_word' id='word_1_169' title='bbox 921 1973 1214 2017; x_wconf 86' lang='lat' dir='ltr'>inflammabilis</span> <span class='ocrx_word' id='word_1_170' title='bbox 1243 1976 1459 2017; x_wconf 86' lang='lat' dir='ltr'>continere</span> <span class='ocrx_word' id='word_1_171' title='bbox 1494 1975 1637 2016; x_wconf 87' lang='lat' dir='ltr'>inven-</span> 
     </span>
     <span class='ocr_line' id='line_1_22' title="bbox 191 2061 1636 2119; baseline 0.001 -15"><span class='ocrx_word' id='word_1_172' title='bbox 191 2071 261 2104; x_wconf 84' lang='lat' dir='ltr'>tus</span> <span class='ocrx_word' id='word_1_173' title='bbox 282 2061 356 2104; x_wconf 81' lang='lat' dir='ltr'>est.</span> <span class='ocrx_word' id='word_1_174' title='bbox 388 2065 426 2103; x_wconf 83' lang='lat' dir='ltr'>Is</span> <span class='ocrx_word' id='word_1_175' title='bbox 449 2062 588 2117; x_wconf 86' lang='lat' dir='ltr'>liquor</span> <span class='ocrx_word' id='word_1_176' title='bbox 610 2064 678 2104; x_wconf 80' lang='lat' dir='ltr'>seu</span> <span class='ocrx_word' id='word_1_177' title='bbox 704 2078 825 2114; x_wconf 85' lang='lat' dir='ltr'>aura,</span> <span class='ocrx_word' id='word_1_178' title='bbox 860 2065 928 2105; x_wconf 92' lang='lat' dir='ltr'>seu</span> <span class='ocrx_word' id='word_1_179' title='bbox 957 2063 1049 2119; x_wconf 87' lang='lat' dir='ltr'>igne</span> <span class='ocrx_word' id='word_1_180' title='bbox 1074 2064 1129 2105; x_wconf 88' lang='lat' dir='ltr'>ita</span> <span class='ocrx_word' id='word_1_181' title='bbox 1159 2074 1279 2106; x_wconf 91' lang='lat' dir='ltr'>totus</span> <span class='ocrx_word' id='word_1_182' title='bbox 1304 2073 1552 2118; x_wconf 85' lang='lat' dir='ltr'>vaporatur,</span> <span class='ocrx_word' id='word_1_183' title='bbox 1584 2071 1636 2105; x_wconf 83' lang='lat' dir='ltr'>ut</span> 
     </span>
     <span class='ocr_line' id='line_1_23' title="bbox 193 2152 1635 2208; baseline 0.001 -15"><span class='ocrx_word' id='word_1_184' title='bbox 193 2153 291 2194; x_wconf 89' lang='lat' dir='ltr'>nihil</span> <span class='ocrx_word' id='word_1_185' title='bbox 312 2153 353 2193; x_wconf 86' lang='lat' dir='ltr'>in</span> <span class='ocrx_word' id='word_1_186' title='bbox 380 2153 512 2195; x_wconf 82' lang='lat' dir='ltr'>fundo</span> <span class='ocrx_word' id='word_1_187' title='bbox 537 2155 636 2195; x_wconf 79' lang='lat' dir='ltr'>vasis</span> <span class='ocrx_word' id='word_1_188' title='bbox 663 2153 879 2208; x_wconf 89' lang='lat' dir='ltr'>relinquat.</span> <span class='ocrx_word' id='word_1_189' title='bbox 915 2156 979 2195; x_wconf 89' lang='lat' dir='ltr'>Ab</span> <span class='ocrx_word' id='word_1_190' title='bbox 1002 2152 1118 2194; x_wconf 78' lang='lat' dir='ltr'>acido</span> <span class='ocrx_word' id='word_1_191' title='bbox 1141 2154 1239 2194; x_wconf 90' lang='lat' dir='ltr'>nitri</span> <span class='ocrx_word' id='word_1_192' title='bbox 1266 2156 1395 2196; x_wconf 89' lang='lat' dir='ltr'>odore</span> <span class='ocrx_word' id='word_1_193' title='bbox 1417 2155 1635 2208; x_wconf 75' lang='lat' dir='ltr'>privatur,</span> 
     </span>
    </p>
   </div>
   <div class='ocr_carea' id='block_1_3' title="bbox 197 2243 1639 2300">
    <p class='ocr_par' dir='ltr' id='par_1_4' title="bbox 197 2243 1639 2300">
     <span class='ocr_line' id='line_1_24' title="bbox 197 2243 1639 2300; baseline 0.001 -16"><span class='ocrx_word' id='word_1_194' title='bbox 197 2255 329 2299; x_wconf 88' lang='lat' dir='ltr'>quem</span> <span class='ocrx_word' id='word_1_195' title='bbox 355 2256 455 2286; x_wconf 90' lang='lat' dir='ltr'>cum</span> <span class='ocrx_word' id='word_1_196' title='bbox 479 2243 596 2287; x_wconf 84' lang='lat' dir='ltr'>acido</span> <span class='ocrx_word' id='word_1_197' title='bbox 630 2243 774 2285; x_wconf 82' lang='lat' dir='ltr'>muriae</span> <span class='ocrx_word' id='word_1_198' title='bbox 810 2244 851 2284; x_wconf 86' lang='lat' dir='ltr'>in</span> <span class='ocrx_word' id='word_1_199' title='bbox 883 2244 996 2287; x_wconf 85' lang='lat' dir='ltr'>illum</span> <span class='ocrx_word' id='word_1_200' title='bbox 1032 2258 1148 2300; x_wconf 83' lang='lat' dir='ltr'>aquae</span> <span class='ocrx_word' id='word_1_201' title='bbox 1177 2245 1280 2287; x_wconf 83' lang='lat' dir='ltr'>forti</span> <span class='ocrx_word' id='word_1_202' title='bbox 1309 2244 1471 2285; x_wconf 88' lang='lat' dir='ltr'>modice</span> <span class='ocrx_word' id='word_1_203' title='bbox 1499 2244 1639 2285; x_wconf 86' lang='lat' dir='ltr'>dilutae</span> 
     </span>
    </p>
   </div>
   <div class='ocr_carea' id='block_1_4' title="bbox 863 2335 1581 2397">
    <p class='ocr_par' dir='ltr' id='par_1_5' title="bbox 863 2335 1581 2397">
     <span class='ocr_line' id='line_1_25' title="bbox 863 2335 1581 2397; baseline 0 -20"><span class='ocrx_word' id='word_1_204' title='bbox 863 2336 908 2377; x_wconf 88' lang='lat' dir='ltr'>H</span> <span class='ocrx_word' id='word_1_205' title='bbox 1408 2395 1410 2397; x_wconf 64' lang='lat'>‚</span> <span class='ocrx_word' id='word_1_206' title='bbox 1476 2335 1581 2378; x_wconf 87' lang='lat' dir='ltr'>fimi·</span> 
     </span>
    </p>
   </div>
  </div>
 </body>
</html>
