1916 2805
672 160 727 215 Εἰ
824 157 1033 213 (59)
1131 161 1198 215 23}-

228 269 413 312 tulimus.
455 271 517 312 Ac
545 266 728 324 primum
755 269 926 324 quidem
956 268 1030 312 sub
1061 269 1193 324 ipsum
1225 268 1567 312 commorationis
1597 281 1669 309 no·

228 359 320 402 strae
338 361 556 403 exordium
582 360 650 401 lv.
679 360 874 403 Kalendas
893 360 1011 413 Julias
1039 360 1153 402 horis
1183 358 1472 414 pomeridianis
1499 354 1667 400 Czerne-

228 448 359 491 kinum
385 449 682 502 concellimus,
713 460 763 492 ut
790 451 923 505 Spe&
941 451 995 496 D.
1017 447 1208 507 Stephani
1232 447 1468 492 Markovicb
1493 449 1666 492 Provin-

225 539 296 580 ciae
320 541 402 581 Pro
421 561 435 569 ·
452 539 632 581 Comitis
664 540 900 581 invitationi
931 540 1277 587 satisfaceremus3
1318 541 1435 596 quod
1463 553 1516 583 eo
1542 541 1665 584 liben-

225 629 308 668 tius
348 628 548 675 stetimus,
589 629 706 683 quod
737 638 913 681 propter
945 629 1107 671 dierum
1140 628 1342 672 festorum
1370 632 1610 686 religionem
1642 646 1664 672 a

220 717 347 760 solitis
381 717 421 757 in
457 714 493 758 E
503 716 694 757 ninovacz.
718 717 924 758 laboribus
958 717 1185 759 vacandum
1215 728 1327 770 erat,
1371 720 1409 761 &
1439 721 1528 773 spes
1554 721 1662 773 fuit,

220 808 328 848 hanc
345 804 527 847 nostram
551 808 864 860 procurfionem
885 820 969 849 non
992 807 1185 849 inutilem
1211 808 1314 849 fore.
1346 807 1484 849 Situm
1512 809 1571 851 est
1588 823 1661 864 op·

219 896 366 952 pidum
395 892 574 939 Czernek
604 899 645 940 in
669 899 834 940 adversa
861 912 1010 940 eorum
1037 898 1249 941 montium
1278 907 1398 953 parte
1423 929 1436 949 ‚
1474 900 1521 940 ad
1551 912 1662 955 quos·

226 981 368 1041 Pqsega
391 986 548 1038 adjacet
564 1018 576 1039 ,
607 1001 661 1030 eo
680 990 797 1038 loco,
819 1001 905 1043 quo
920 987 1088 1046 angusta
1104 1020 1116 1040 ,
1147 987 1213 1029 sed
1233 1001 1393 1031 amoena
1411 990 1521 1032 inter
1538 1004 1659 1033 mon·

221 1084 287 1118 tes
309 1091 331 1118 a
355 1076 654 1131 septemtrione
672 1078 712 1119 in
734 1079 946 1121 meridiem
967 1081 1146 1124 distenta
1167 1080 1279 1124 vallis
1301 1079 1339 1120 in
1355 1078 1661 1134 amplisfimum,

219 1175 350 1218 atque
382 1168 489 1210 ultra
513 1171 669 1211 Savum
691 1169 932 1224 porrestum
957 1184 1152 1225 campum
1180 1171 1430 1225 explicatur,
1461 1170 1659 1225 abestque

217 1259 371 1313 Posega
393 1268 603 1301 ternarum
626 1262 828 1301 horarum
854 1260 1014 1302 itinere.
1046 1260 1235 1303 Primum
1262 1273 1383 1302 mons
1410 1261 1659 1316 superandus

213 1358 303 1388 erat
316 1379 328 1398 ,
359 1361 490 1402 quem
511 1346 635 1390 album
656 1350 859 1403 adpellant
873 1379 887 1400 ‚
918 1350 1060 1404 quod,
1085 1349 1244 1392 sublato
1263 1351 1344 1402 jam
1362 1364 1553 1407 magnam
1574 1365 1661 1405 par·

215 1447 305 1480 tem
326 1438 567 1480 tenuiffimo
593 1438 714 1479 humi
744 1438 1039 1494 integumento
1064 1453 1087 1479 a
1115 1438 1314 1484 substrata
1337 1449 1446 1481 terra
1470 1439 1657 1483 candide-

214 1537 299 1570 tur.
354 1529 411 1570 Ea
441 1528 500 1569 est
529 1542 668 1585 marga
697 1529 877 1585 argillosa
916 1528 1107 1572 indurata
1136 1531 1389 1601 plerumque
1422 1531 1622 1584 amorpha
1642 1560 1656 1582 ,

213 1619 317 1674 saepe
337 1619 462 1661 etiam
499 1619 691 1662 schistosa
715 1620 903 1675 partibus
930 1620 1042 1663 tastu
1073 1620 1281 1668 facilibus3
1316 1633 1412 1675 quae
1434 1622 1462 1663 fi
1491 1619 1562 1664 diu
1587 1633 1658 1665 au·

212 1723 300 1752 ram
328 1709 494 1750 senserit
510 1740 522 1759 ,
554 1710 593 1752 in
618 1712 776 1753 summa
796 1712 929 1753 solum
962 1710 1201 1767 superficie,
1232 1724 1309 1753 nec
1333 1711 1445 1752 facile
1470 1712 1576 1754 ultra
1599 1710 1656 1752 se·

213 1795 368 1843 miffem
395 1801 510 1860 lineae
531 1801 638 1843 friati
664 1803 704 1843 se
732 1801 915 1854 patitur,
947 1816 1207 1858 numquam,
1238 1802 1357 1857 quod
1384 1801 1559 1855 experiri
1583 1814 1658 1844 no·

208 1893 273 1935 bis
301 1891 445 1944 licuit,
476 1906 526 1934 ex
552 1903 652 1934 toto
679 1892 875 1933 fatiscens.
906 1892 1005 1943 Ejus
1037 1893 1132 1935 usus
1158 1892 1343 1943 rusticis,
1372 1891 1657 1944 militibusque

211 1984 254 2026 in
282 1983 508 2025 inficiendis
534 1982 655 2024 laneis
677 1982 860 2024 vestibus
885 1983 976 2025 vice
995 1992 1123 2025 cretae
1152 1983 1209 2024 sat
1238 1983 1434 2037 frequens
1450 2012 1462 2031 ,
1491 1981 1532 2022 in
1557 1980 1658 2023 ster-

208 2075 399 2118 corandis·
424 2085 569 2116 autem
598 2075 701 2129 agris
732 2074 867 2114 nullu5
900 2072 985 2120 est3
1015 2075 1099 2115 five
1132 2074 1247 2128 quod
1273 2073 1316 2114 in
1345 2074 1561 2127 pulverem
1581 2078 1655 2112 aut

211 2177 466 2220 numquam,
496 2175 570 2206 aut
595 2165 683 2206 sero
696 2164 919 2215 dilabatur,
949 2167 1034 2206 five
1053 2164 1203 2217 etiam,
1234 2164 1349 2219 quod
1371 2161 1515 2217 potior
1544 2161 1584 2203 in
1610 2173 1657 2204 ea

206 2255 258 2298 fit
277 2255 410 2312 argilla
424 2287 437 2310 ,
467 2269 594 2311 quam
612 2255 716 2313 agris
732 2256 940 2312 ingerere,
971 2270 1158 2312 quorum
1179 2256 1291 2312 gleba
1306 2252 1438 2310 argilla
1457 2251 1541 2303 est,
1562 2264 1656 2305 per-

901 2347 946 2388 H
975 2358 1004 2388 2
1485 2341 1597 2385 iculo
