1916 2805
647 157 702 216 ss
816 155 1026 214 (⁶5)
1141 155 1195 214 ΣΞ

198 279 353 314 acetum
375 267 568 326 vulgare,
601 265 870 324 Buphtalmum
882 265 1153 322 fizlictfolium,
1183 262 1328 310 Althaea
1355 262 1554 322 officinalis
1579 272 1634 317 β,

197 360 348 403 conium
372 356 601 402 maculatum
615 354 636 410 ,’
658 354 843 412 artemisia
864 355 1073 412 vulgaris,
1101 357 1220 408 cujus
1244 355 1349 399 foliis
1368 388 1380 409 ,
1412 356 1635 413 postquam

197 451 378 493 siccitate
400 458 626 500 aruerunt,
658 448 748 489 vice
773 446 929 501 fomitis
962 457 1172 495 utuntur3
1202 444 1317 490 Inula
1333 446 1497 502 fhlicina
1514 480 1527 500 ,
1557 445 1638 491 hir-

202 547 269 593 ta,
302 537 584 596 dyffimterica‚
616 538 654 580 ὅτ
690 536 899 589 helenium,
939 552 1034 594 quae
1070 538 1278 592 postrema
1300 538 1398 580 locis
1431 538 1637 581 humectis

199 631 241 670 in
264 627 531 670 immodicam
552 626 812 666 altitudinem
832 624 972 672 exilit3
1001 627 1086 677 ejus
1111 626 1305 667 radicibus
1332 640 1434 669 oves
1454 642 1528 681 per
1554 630 1638 669 hle-

198 729 310 758 rnem
329 716 432 755 alere
449 745 460 762 ‚
490 714 530 755 δι
553 715 701 755 vinum
730 727 908 768 quoque
928 714 1018 755 vice
1044 715 1233 755 absmthii
1256 715 1458 756 medicare
1481 717 1638 764 solent3

201 802 390 860 Lycopus
414 809 626 857 curopaeus
655 801 698 842 in
720 801 961 854 ficciffimis,
995 803 1112 857 quod
1144 804 1321 855 mirum,
1352 804 1515 846 viarum
1538 820 1640 847 mar-

197 893 360 950 ginibus
389 891 523 933 ubivis
547 893 724 945 obvius,
755 906 778 933 e
803 892 1003 948 qualitate
1031 893 1103 935 soli
1137 894 1175 936 id
1208 895 1256 935 ad
1288 895 1328 935 se
1355 890 1511 936 traxisse
1532 895 1643 937 vide·

199 994 299 1037 tur,
340 984 456 1039 quod
492 983 595 1025 foliis
629 984 680 1024 fit:
711 984 849 1025 multo
882 983 1009 1039 magis
1046 970 1174 1026 incisis
1195 1016 1206 1036 ,
1249 979 1379 1039 atque
1410 984 1450 1025 in
1478 986 1641 1039 plures,

200 1076 522 1131 longioresque,
554 1074 592 1116 ὅτ
622 1074 829 1115 acutiores
854 1073 1010 1114 lacinias
1043 1071 1229 1115 diffe&us
1248 1106 1260 1126 ‚
1300 1088 1427 1130 quam
1450 1077 1545 1117 loco
1567 1076 1643 1117 suo

201 1165 355 1208 affueto
379 1163 458 1207 effe
492 1165 643 1227 soleat3
674 1157 828 1218 Spiraea
859 1175 1062 1213 aruncus,
1097 1163 1136 1206 δί
1169 1161 1330 1206 ulmaria
1359 1164 1400 1206 in
1439 1166 1642 1206 umbrosss

202 1256 390 1310 copiosae.
428 1250 663 1296 Thaliffrum
676 1251 833 1308 flavum
851 1254 898 1294 ad
923 1250 1042 1294 fossas
1057 1284 1069 1304 ‚
1101 1253 1140 1295 ὅτ
1158 1254 1357 1309 margines
1375 1254 1538 1296 viarum
1563 1255 1647 1310 pas-

204 1345 276 1385 fim
297 1343 507 1394 crescens,
539 1343 708 1395 incolis,
737 1357 759 1383 a
786 1343 938 1397 quibus
969 1341 1178 1385 Valeriana
1200 1353 1407 1396 vocatur,
1441 1345 1481 1386 in
1506 1345 1645 1398 pretio

203 1433 417 1484 habitum,
449 1433 564 1488 quod
593 1433 682 1483 ejus
712 1432 840 1474 radice
867 1433 1040 1474 iecerum
1064 1434 1197 1474 curari
1219 1434 1384 1483 multis,
1415 1448 1490 1476 nec
1513 1408 1645 1476 dubiis

203 1522 492 1579 experimentis
520 1530 789 1576 compertum
823 1523 993 1563 habent.
1035 1522 1135 1572 Ejus
1166 1524 1253 1564 haec
1282 1522 1342 1564 est
1373 1523 1558 1564 curatio:
1590 1538 1649 1565 ra-

203 1614 310 1655 dices
334 1613 493 1654 modice
525 1612 701 1653 obtritas
733 1611 774 1652 in
800 1624 908 1666 aqua
935 1612 1064 1654 calido
1086 1613 1127 1654 in
1151 1615 1270 1665 loco,
1303 1621 1376 1653 aut
1403 1613 1442 1653 in
1466 1613 1548 1654 sole
1571 1613 1650 1653 ser-

206 1713 302 1746 vata
327 1704 458 1758 spatio
491 1704 776 1745 duodenarum
809 1704 1011 1744 horarum
1041 1712 1280 1755 macerant,
1320 1702 1459 1758 quoad
1490 1704 1650 1744 luteolo

207 1796 347 1835 colore
378 1794 452 1834 fiat
462 1807 474 1840 3
505 1806 594 1833 eam
612 1792 755 1834 deinde
782 1806 891 1848 aegro
912 1792 1128 1834 bibendam
1160 1795 1343 1848 praebent
1359 1808 1372 1841 3
1413 1793 1478 1834 sed
1502 1773 1649 1836 curant

208 1893 347 1926 tamen
370 1914 381 1931 ‚
423 1893 471 1925 ut
491 1915 503 1934 ‚
562 1883 635 1937 qui
665 1896 712 1924 ea
745 1882 809 1924 uti
845 1883 989 1934 volet,
1024 1883 1152 1937 pridie
1179 1885 1318 1925 alvum
1351 1894 1518 1941 purget.
1552 1886 1649 1927 Hoc

207 1973 375 2014 remedii
405 1986 537 2028 genus
563 1973 796 2015 imitatione
822 1975 978 2015 horum
1008 1973 1232 2015 hominum
1259 1988 1281 2015 a
1310 1974 1427 2016 nobis
1445 2007 1457 2027 ‚
1503 1977 1566 2018 Cl.
1595 1978 1648 2018 D.

211 2064 322 2105 Nob.
346 2077 369 2105 α
400 2060 537 2105 Trnka
561 2065 778 2120 Patholog.
806 2063 914 2117 apud
940 2077 1014 2106 nos
1036 2062 1203 2106 Profess'.
1225 2064 1263 2105 id
1283 2066 1484 2118 probante
1500 2097 1513 2116 ‚
1535 2079 1649 2121 aegrae

211 2154 394 2207 personae
424 2153 548 2194 Budae
576 2152 805 2194 adhibitum
828 2183 841 2203 ,
883 2155 1053 2196 iactum
1083 2153 1178 2209 post
1211 2154 1284 2195 alia
1315 2155 1463 2196 frustra
1489 2166 1651 2198 tentata

210 2243 380 2284 feliciter
407 2243 578 2297 depulit.
630 2248 677 2286 In
709 2246 836 2299 pratis
868 2245 1035 2300 potiora
1068 2245 1248 2302 gramina
1281 2246 1399 2287 sunt-2
1432 2244 1653 2301 cynosurus

927 2316 946 2378 i
1457 2330 1591 2389 crista-
