1916 2805
636 148 691 206 :a
805 147 1016 206 (97)
1131 147 1186 205 ²3<

198 262 352 305 fluunt.
396 262 472 304 Eas
501 259 783 303 curationibus
818 260 1038 302 hominum
1072 260 1255 301 claudere
1286 258 1430 303 inutile
1460 260 1596 304 visum
1616 294 1630 315 ,

199 351 314 407 quod
340 383 351 403 ,
394 364 487 406 quae
519 350 602 400 jam
640 350 776 390 ulibus
809 359 960 403 aptatae
994 351 1091 392 sunt
1111 381 1124 399 ‚
1165 349 1206 391 in
1241 349 1420 391 advenas
1453 353 1630 407 quosvis

197 454 329 496 oegros
363 439 580 482 sufficiant.
621 443 720 484 Non
758 440 818 482 est
850 449 991 481 autem
1021 439 1252 494 quidquam
1289 439 1631 495 praetermissum,

199 544 289 586 quo
312 531 561 572 advenarum
583 543 669 573 non
692 531 825 572 solum
849 527 1178 580 necessitatibus,
1210 530 1275 571 sed
1295 529 1419 571 etiarn
1443 543 1632 574 commo·

198 621 394 663 ditatibus·
420 621 718 664 consuleretur.
759 622 1039 672 Praeterquam
1072 618 1181 659 enirn
1198 647 1211 666 ‚
1243 618 1359 672 quod
1386 621 1553 661 taberna
1577 621 1633 665 di-

197 711 376 753 versoria
397 711 513 761 juxta
539 709 729 748 balneum
755 706 946 746 aedificata
973 707 1058 755 est,
1091 706 1285 760 spatiosus
1309 709 1433 751 etiam
1462 724 1634 766 campus

196 798 347 854 duplici
370 800 566 839 arborum
581 826 594 847 ,
625 808 760 838 ramos
785 796 825 836 in
850 795 890 835 se
915 796 1268 849 impleEtentium,
1300 796 1443 837 ordine
1463 799 1637 843 circum-

195 890 332 943 septus
356 886 416 928 est
432 917 444 938 ‚
473 895 544 938 ut,
576 887 659 927 five
694 884 863 940 apricari
889 883 956 924 cui
977 883 1167 936 libuerit,
1200 885 1237 925 id
1266 886 1376 927 molli
1406 888 1448 929 in
1482 891 1635 946 cespite

196 978 342 1020 stratus
366 975 489 1031 poffit
506 1007 518 1028 ,
550 977 632 1017 five
656 978 798 1016 umbra
819 974 1034 1030 placuerit,
1066 975 1140 1016 sub
1162 974 1280 1016 viridi
1299 979 1497 1020 arborum
1521 981 1634 1023 tedio

197 1070 309 1111 nullo
333 1080 519 1122 unquam
542 1066 632 1107 solis
663 1065 775 1106 radio
798 1064 1078 1121 contingatur.

388 1158 665 1212 Quicumque
696 1155 852 1209 oppido
878 1154 1096 1199 viciniores
1119 1158 1216 1200 sunt
1245 1168 1439 1213 montes,
1472 1175 1494 1203 e
1517 1164 1638 1205 calcass

197 1249 276 1290 reis
301 1247 496 1302 lapidibus
520 1249 733 1296 coaluere,
766 1258 952 1301 quorum
980 1246 1041 1286 alii
1065 1249 1170 1288 nulla
1199 1248 1430 1304 alienigenae
1457 1256 1636 1298 materiae

198 1338 449 1380 admixtione
467 1337 680 1377 adulterati
696 1337 734 1376 in
760 1333 1038 1390 probiffirnam
1064 1338 1214 1379 calcem
1239 1339 1302 1379 uri
1325 1340 1367 1380 se
1385 1341 1636 1395 patiuntur,

197 1428 256 1468 alii
281 1425 438 1477 fiffiles,
468 1425 600 1480 argilla
622 1425 808 1477 partibus
840 1425 1146 1466 interveniente
1177 1427 1217 1468 in
1250 1429 1417 1491 laminas
1443 1445 1520 1474 nec
1549 1443 1636 1477 tex-

196 1526 312 1566 tura,
336 1527 412 1555 nec
433 1514 573 1554 colore
594 1513 640 1554 iis
666 1511 893 1564 diffimiles,
925 1526 1027 1568 quas
1053 1511 1399 1559 Kalklmmerianas
1418 1523 1545 1577 vulgo
1571 1525 1637 1565 ad-

196 1605 374 1659 pellant,
406 1603 733 1658 pavimentandis
757 1604 950 1658 templis,
979 1605 1216 1660 aediumque
1241 1605 1450 1650 vestibulis
1475 1610 1638 1654 adcom—

198 1695 410 1742 modatas,
439 1691 596 1733 dissilire
623 1707 672 1734 ex
693 1694 796 1734 facili
823 1691 933 1748 poffe
962 1694 1174 1736 videntur.
1219 1696 1296 1737 Sed
1326 1697 1363 1738 id
1391 1698 1432 1739 in
1459 1701 1635 1745 molibus

197 1797 248 1825 ex
272 1784 405 1838 aliqua
433 1783 505 1823 sub
529 1783 614 1823 solo
640 1782 852 1823 altitudine
877 1783 1004 1824 erutis
1035 1785 1332 1839 experiundum
1358 1786 1496 1831 restat.
1526 1840 1530 1845 .

391 1873 639 1917 Animalcula
662 1874 746 1913 hoc
781 1871 927 1914 itinere
960 1882 1076 1927 capta
1102 1874 1194 1916 sunt
1226 1889 1446 1932 perpauca.
1495 1881 1636 1924 Praeci-

198 1977 279 2019 pua
306 1965 427 2005 sunt:
845 1942 853 1954 ¹

389 2047 625 2093 scarabaeus
653 2050 913 2107 triangulum.
950 2044 1172 2107 'Muticus‚
1204 2056 1346 2111 niger,
1380 2057 1639 2111 scutellatus,

198 2142 371 2183 scutello
399 2142 624 2183 admodum
660 2154 810 2198 magno
845 2144 1080 2199 triangulari
1116 2146 1204 2187 fere
1238 2142 1444 2202 regularis
1470 2149 1640 2192 Thorax

198 2231 423 2286 punsSlatus
451 2231 612 2286 punctis
647 2233 756 2275 raris.
784 2231 928 2288 Elytra
953 2233 1106 2277 striata.
1146 2232 1240 2279 Tab.
1268 2238 1344 2280 IX.
1369 2234 1455 2293 Fig.
1484 2251 1551 2291 15.

883 2324 926 2366 N
1436 2311 1583 2370 Cureu-
