2003 2876
652 139 706 192 ΣΞ
821 137 1029 196 (27)
1146 140 1200 196 23³

211 250 377 306 Remige
399 249 530 304 prima
557 251 791 291 extrorsum
820 250 1169 307 longitudinaliter
1191 251 1289 299 alba,
1330 250 1547 303 Rostrum,
1579 268 1647 309 pe-

210 340 366 394 desque
394 339 515 394 nigro
529 359 543 366 -
564 339 828 382 virescentes.

404 429 483 471 Sed
504 430 609 470 nulla
631 430 763 480 major
785 431 977 483 varietas,
1010 445 1136 487 quam
1160 433 1428 487 accipitrum,
1460 447 1648 489 quorum

213 532 259 560 ea
279 518 338 560 est
362 518 575 561 temeritas
590 549 602 569 ‚
635 527 685 558 ut
707 519 931 560 hominum
952 534 1088 574 neque
1114 523 1364 576 praesentiam
1378 554 1390 574 ,
1424 537 1561 579 neque
1582 534 1648 565 tu-

211 612 371 651 multus
400 608 523 648 veriti
547 608 589 648 in
608 608 879 649 ornithonem
903 610 1081 662 persaepe
1104 610 1313 659 involent,
1344 622 1393 652 ut
1418 614 1550 665 praeda
1572 629 1649 668 po-

211 699 386 741 tiantur.
420 699 580 738 Eorum
611 696 772 750 aliquos
803 696 887 746 jam
918 697 975 738 ita
1006 697 1334 748 recensebimus,
1366 708 1416 739 ut
1446 702 1500 751 fi,
1532 704 1649 755 quod

210 789 371 841 semper
392 785 523 826 facere
546 784 826 838 instituimus,
858 797 969 828 certa
991 788 1070 828 fide
1095 785 1264 830 afferere
1292 800 1546 843 nequeamus
1561 822 1574 841 ‚
1602 792 1651 833 ad

209 890 337 931 quam
361 890 383 916 e
407 874 516 916 notis
540 874 748 928 speciebus
763 876 945 918 volucris
960 878 1170 919 referenda
1191 879 1265 929 fit,
1292 863 1385 930 'ejus
1412 879 1649 934 descriptio-

209 980 306 1008 nem
329 979 409 1020 pro
436 965 605 1006 nomine
627 966 767 1007 lectori
787 966 924 1007 daturi
948 968 1080 1009 fimus.

411 1052 557 1097 Vultur
602 1063 907 1111 percnopterus.
953 1056 1122 1098 Femina
1149 1064 1243 1098 tota
1273 1057 1416 1110 fusca,
1461 1060 1652 1117 lanugine

212 1146 355 1202 capitis
371 1179 384 1198 ‚
415 1145 594 1199 collique
616 1148 713 1188 alba.

367 1241 371 1243 ’
410 1233 554 1276 Vultur
580 1232 765 1275 cinereus
788 1232 998 1276 austorum.
1031 1235 1214 1288 Mirum,
1246 1236 1457 1279 cinereum
1483 1238 1651 1293 adpellere

210 1336 305 1369 tum
321 1358 332 1378 ,
365 1339 463 1367 cum
487 1327 536 1366 fit
561 1325 701 1364 colore
729 1324 846 1365 fusco
867 1346 884 1353 -
901 1325 1177 1379 nigrescente,
1210 1325 1386 1381 fereque
1409 1327 1529 1383 nigro
1551 1342 1649 1382 pron

208 1415 338 1470 piore.
370 1416 479 1456 Eum
501 1413 708 1467 triquetra
723 1444 735 1463 ‚
767 1413 991 1468 nigraque,
1014 1414 1141 1455 fasciis
1163 1413 1290 1457 dilute
1308 1415 1428 1456 fuscis
1450 1418 1650 1474 margina-

208 1515 252 1547 ta
295 1505 400 1562 gulae
441 1504 597 1544 macula
624 1504 674 1543 ab
703 1502 784 1543 aliis
820 1502 1006 1544 secernit.

401 1590 513 1635 Falco
546 1587 763 1646 qffifragus.

397 1680 509 1725 Falco
533 1696 622 1724 cera
644 1683 785 1724 luteo·
805 1683 948 1730 viridi3
978 1683 1189 1731 cinereus;
1220 1685 1389 1726 maculis
1415 1685 1652 1730 abdomina-

206 1774 310 1816 libus
338 1772 705 1828 longitudinalibus
734 1774 994 1830 ferrugineis.
1032 1769 1249 1817 Krammeri
1279 1775 1448 1816 Elench.
1478 1778 1561 1820 No.
1587 1790 1651 1820 12.

207 1878 298 1920 Pag·
328 1875 426 1919 329·

401 1950 517 1996 Falco
552 1954 754 1997 cinerem.
797 1959 964 2010 Caput,
1001 1957 1180 2009 collum,
1210 1958 1354 2011 pestus
1372 1989 1384 2009 ‚
1415 1958 1454 2000 ὅτ
1479 1957 1650 1999 dorsum

209 2043 376 2086 cinereo
401 2047 758 2099 -caerulescentia,
797 2047 1070 2089 immaculata.
1122 2049 1310 2104 Remiges
1343 2047 1546 2101 primores
1584 2047 1651 2088 sex

209 2135 330 2189 supra
351 2144 449 2177 atrae
466 2136 588 2190 apicis
615 2136 742 2177 limbo
771 2136 960 2190 cinereo,
992 2138 1093 2179 infra
1115 2152 1137 2179 a
1165 2140 1243 2180 bafi
1268 2138 1315 2180 ad
1337 2137 1502 2179 tertiam
1522 2137 1651 2193 longi-

210 2225 363 2268 tudinis
386 2229 481 2269 albae
494 2241 508 2276 3
531 2226 695 2281 reliquae
713 2227 834 2281 supra
853 2226 1044 2277 cinereae,
1074 2230 1199 2270 latere
1221 2227 1419 2271 interiore
1441 2229 1537 2269 albae
1553 2258 1565 2278 ‚
1595 2226 1656 2267 in-

842 2318 885 2358 D
914 2331 943 2359 2
1531 2317 1594 2358 fra.
