1916 2805
676 164 1087 223 233(132)
1206 163 1262 220 23<

252 284 404 326 vulnus
429 279 539 332 iusto
561 278 656 333 plus
674 290 838 318 manans
857 266 1050 318 arteriam
1071 275 1197 318 laelam
1216 271 1293 317 effe
1314 275 1467 318 indicet
1481 308 1493 329 ‚
1515 279 1698 332 primum

253 371 418 414 obtritis
451 365 615 410 achilleoe
647 363 862 420 millefolii,
902 374 998 408 tum
1033 365 1272 423 plantaginis
1305 365 1414 408 foliis
1448 368 1657 422 obtegunt
1685 399 1700 421 ,

255 459 394 513 quoad
421 457 634 500 coalescat.

445 545 487 588 Si
522 545 639 601 quod
684 547 923 587 membrum
961 546 1189 590 fervefacto
1222 558 1498 603 quocumque
1537 548 1700 604 liquore

252 638 469 694 perfusum
495 638 573 687 fit,
606 637 776 678 bulbum
807 634 887 679 allii
910 645 1015 693 cepae
1046 637 1087 677 in
1122 638 1297 679 lamellas
1326 638 1490 690 secant,
1522 651 1701 694 easque,

255 742 341 785 qua
363 742 468 770 noxa
491 726 676 781 pertinet
693 758 705 778 ,
736 726 959 780 adplicant,
993 727 1031 768 ὅτ
1050 726 1179 767 linteo
1200 726 1394 781 obligant.
1426 728 1503 770 Alii
1531 743 1612 770 ova
1634 743 1704 770 co-

257 828 427 875 quunt,
467 826 514 858 ut
542 817 805 858 indurentur.
846 817 902 856 Ea
931 815 1077 856 deinde
1095 846 1107 866 ,
1141 814 1323 856 detrafflo
1355 819 1568 872 putamine
1587 849 1599 868 ,
1633 820 1707 861 mi-

258 910 397 952 nutim
421 907 609 958 concisa,
643 906 682 947 δε
704 906 745 947 in
777 907 871 961 igne
898 906 998 946 frixa
1032 905 1202 946 linteolo
1229 908 1495 959 obvolvunt,
1527 909 1707 962 compri-

256 1008 495 1053 muntque,
535 1006 586 1037 ut
617 994 825 1047 liquorem
847 1026 858 1046 ,
898 1006 1030 1048 quem
1062 994 1201 1033 oleum
1239 991 1311 1032 ovi
1348 996 1579 1049 adpellant,
1621 997 1708 1037 red-

256 1090 392 1136 dant3
436 1087 509 1143 qui
547 1083 707 1127 recenti
738 1086 900 1138 butyro
940 1092 1199 1137 temperatus
1238 1097 1318 1137 pro
1357 1094 1578 1139 unguento
1614 1084 1707 1136 est,

259 1179 377 1236 quod
401 1178 494 1219 laefis*
519 1174 704 1230 partibus
719 1205 731 1225 ,
763 1173 943 1214 detracta
970 1173 1083 1227 prius
1108 1173 1313 1222 cuticula,
1336 1173 1408 1214 sub
1431 1186 1514 1228 qua
1536 1174 1706 1215 inanitas

256 1269 360 1312 fasta
380 1266 465 1318 est,
500 1265 712 1307 adhibent.
744 1264 784 1305 Si
806 1276 889 1318 qua
912 1273 1028 1317 parte
1053 1265 1288 1304 membrum
1312 1263 1493 1317 quodvis
1518 1263 1709 1306 adustum

260 1358 346 1409 est,
378 1370 428 1398 eo
453 1355 635 1410 primum
659 1354 803 1396 lineam
833 1353 980 1408 spiritu
1008 1354 1093 1395 vini
1121 1354 1349 1395 madentem
1379 1353 1559 1393 laciniam
1587 1354 1707 1407 adpli-

259 1458 386 1500 cant,
417 1445 556 1501 quoad
587 1445 696 1485 cutis
731 1443 869 1484 inflata
901 1453 1150 1497 rumpatur3
1190 1453 1284 1484 tum
1313 1446 1474 1495 butyro
1503 1455 1525 1482 e
1552 1444 1709 1484 bubulo

260 1541 358 1581 laete
379 1535 522 1579 coacto
548 1543 738 1589 ungunt,
771 1533 1143 1587 consperguntque
1169 1534 1366 1587 pulvere,
1398 1531 1439 1571 in
1465 1543 1595 1585 quem
1621 1546 1706 1574 car·

262 1632 391 1672 bones
415 1626 507 1668 tiliae
540 1622 823 1665 obtriverunt.

456 1713 604 1757 Cancri
630 1713 792 1754 curandi
817 1715 905 1754 haec
934 1729 956 1754 a
985 1710 1233 1764 quibusdam
1264 1718 1436 1752 tenetur
1461 1711 1593 1753 ratio:
1625 1712 1706 1765 pri—

265 1825 385 1855 mum
410 1807 668 1854 erinaceum,
698 1803 842 1844 deinde
873 1804 1022 1856 talpam
1049 1813 1221 1855 quoque
1246 1801 1286 1841 in
1317 1800 1456 1857 ignem
1487 1802 1677 1854 injiciunt
1696 1833 1709 1853 ‚

259 1904 316 1945 'ut
347 1901 433 1942 vivi
469 1902 721 1939 crementur.
768 1892 957 1934 Extraeka
991 1904 1013 1932 e
1044 1905 1150 1946 rogo
1188 1891 1380 1933 cadavera
1417 1891 1457 1933 in
1493 1895 1708 1946 pulverem

268 1996 526 2037 conterunt,
559 1985 867 2036 amborumque
900 1980 1054 2022 cineres
1088 1981 1128 2021 in
1158 1994 1289 2021 unum
1316 1981 1586 2022 commiscent
1608 2013 1621 2034 ‚
1660 1989 1711 2023 ut

269 2081 423 2137 paritet·
445 2080 522 2120 fint
546 2077 586 2117 in
612 2075 696 2115 usu.
730 2072 1026 2127 Cumprimum
1052 2071 1185 2112 cancri
1210 2071 1353 2112 indicia
1376 2071 1592 2124 adparent,
1621 2073 1711 2112 vul-

266 2186 346 2214 nus
372 2170 530 2213 bubulo
552 2168 638 2208 felle
659 2177 775 2206 mane
798 2164 835 2206 &
857 2164 1026 2216 vespere
1049 2163 1317 2217 perfunditur
1335 2193 1347 2213 ,
1380 2160 1417 2202 &
1439 2159 1532 2200 dein
1561 2161 1711 2213 repofi-

267 2273 316 2306 to
343 2263 383 2304 in
404 2260 442 2302 id
460 2257 691 2300 animalium
709 2255 846 2296 cinere
868 2254 1179 2309 conspergitur,
1204 2254 1483 2307 impositoque
1504 2261 1710 2304 quocum-

1568 2355 1652 2396 que
