2003 2876
663 178 1049 238 23¹(13)
1169 181 1224 238 Σεὲ

223 291 426 345 quoniam
456 302 533 332 nec
556 290 625 346 ipsi
645 293 824 334 vidimus
839 325 852 345 ,
883 305 961 333 nec
982 307 1004 334 a
1023 303 1240 348 quoquam
1258 291 1394 335 visum
1412 289 1663 346 accepimuS,

224 395 248 422 a
271 383 424 437 campis
454 382 603 424 nostris
629 383 795 437 prorsus
826 380 953 425 abesse
983 383 1164 424 videtur.

418 476 528 515 Cum
556 473 635 514 iter
665 474 812 514 somno
839 486 924 514 non
947 474 1298 526 abstinderemus,
1332 473 1404 514 sub
1429 472 1558 526 ipsum
1592 484 1669 512 no-

227 561 330 614 elis,
361 563 399 604 ὅτ
421 562 499 603 diei
523 562 756 602 divortium
791 564 1086 617 Baranyensem
1119 564 1380 605 Provinciam
1415 560 1575 618 ingreffi
1604 561 1668 603 sua

229 663 339 700 mus,
354 664 428 691 nec
443 651 579 690 multo
602 650 693 704 post
707 652 755 691 ad
777 647 949 691 Na'dasd
963 652 1234 707 pertigimus3
1255 666 1382 707 quem
1398 655 1536 703 locum
1555 653 1670 693 idcir-

226 753 279 781 co
303 739 593 789 nominamus,
625 739 744 793 quod
765 740 880 780 hunc
908 740 1041 790 inter,
1083 742 1120 783 ὅτ
1145 740 1356 797 Quinque·
1383 739 1593 794 Ecclesias,
1626 743 1668 784 in

226 841 353 885 quam
392 832 537 870 urbem
573 829 739 870 circiter
772 829 938 870 tertiam
966 829 1061 883 post
1092 831 1306 873 meridiem
1343 832 1491 873 horam
1517 832 1669 874 investi

227 921 399 972 sumus,
439 920 682 974 frequentes
715 920 922 961 intersunt
952 929 1147 969 montes,
1186 922 1426 976 collesque,
1456 936 1534 976 per
1557 935 1668 977 quos

227 1013 292 1055 via
310 1013 504 1052 finuatur.
536 1013 694 1052 Eorum
719 1012 942 1065 plerosque
966 1024 1102 1067 marga
1123 1011 1322 1067 argillosa,
1352 1014 1558 1067 quosdam
1583 1027 1672 1068 gra-

228 1105 343 1152 nite,
374 1103 471 1144 alios
502 1102 628 1157 lapide
660 1101 870 1152 arenario,
901 1114 1028 1154 quem
1050 1101 1097 1141 ad
1126 1101 1290 1156 postes,
1323 1104 1544 1159 liminaque
1574 1118 1672 1158 por-

229 1204 396 1245 tarum,
428 1194 465 1235 &
502 1191 771 1233 fenestrarum
800 1192 980 1232 ambitus
1009 1191 1186 1233 artifices
1209 1192 1444 1249 effingunt,
1483 1192 1669 1234 constare

229 1284 423 1325 vidimus,
455 1283 532 1324 Sed
563 1294 637 1323 nec
661 1281 921 1321 metalliferos
952 1280 1082 1323 deesse
1110 1293 1361 1338 argumento
1396 1282 1456 1324 est
1482 1284 1579 1324 ferri
1606 1284 1669 1325 fo-

230 1372 322 1412 dina
355 1380 531 1425 propter
561 1369 672 1410 viam
709 1369 749 1409 in
776 1384 884 1425 pago
926 1368 1061 1422 Puszta
1079 1369 1172 1424 salu
1200 1386 1352 1426 paucos
1384 1384 1480 1415 ante
1507 1387 1636 1417 annos
1655 1404 1668 1424 ,

229 1474 340 1517 qua,
373 1460 599 1511 nescimus,
630 1461 800 1501 fortuna
826 1469 975 1514 coepta.

421 1549 627 1605 Quinque·
649 1547 823 1600 Ecclesiae
838 1577 850 1597 ‚
882 1553 1141 1607 Bai-anyeusis
1162 1551 1390 1593 Provineiae
1416 1554 1514 1594 urbs
1542 1553 1672 1605 unica,

231 1656 306 1698 per
332 1642 453 1683 imam
470 1673 482 1693 ‚
526 1639 725 1682 leniffime
748 1641 944 1683 acclivem
974 1641 1128 1682 montis
1163 1638 1320 1693 Metsek
1344 1650 1515 1695 partem
1544 1643 1675 1698 porri·

230 1733 369 1789 gitur,
400 1731 680 1786 domibusque
705 1746 789 1773 non
818 1731 888 1773 sua
919 1732 1080 1785 semper
1108 1734 1244 1783 mole,
1279 1733 1344 1774 sed
1372 1734 1443 1774 soli
1476 1735 1677 1776 elevatio-⁷

231 1836 285 1863 ne
309 1823 349 1863 in
371 1822 632 1864 altitudinem
657 1822 934 1864 crescentibus
951 1853 963 1872 ,
995 1836 1070 1876 per
1099 1823 1297 1877 quasdam
1320 1824 1434 1878 quasi
1463 1823 1676 1879 contigna-

232 1915 371 1956 tiones'
397 1914 628 1970 fastigiatur
639 1927 652 1960 3
683 1926 772 1968 quae
796 1926 859 1954 res
888 1912 1010 1968 longe
1039 1913 1305 1956 venientibus
1334 1912 1675 1964 jucundiffimum

232 2006 388 2060 praebee
407 2003 628 2059 aspectum.
660 2006 756 2057 Qua
772 2011 888 2056 parte
904 2002 1270 2056 septemtrionibus
1290 2003 1546 2054 advertitur,
1559 2016 1675 2044 mon-

234 2105 277 2136 te
303 2092 456 2148 Mersek
486 2093 752 2150 protegitur3
782 2093 830 2134 ad
856 2092 1071 2135 meridiem
1099 2100 1205 2135 vero
1229 2107 1426 2149 campum
1453 2108 1538 2136 non
1561 2096 1607 2136 ad
1635 2095 1677 2136 li-

233 2187 375 2228 bellam
408 2197 607 2240 aequum,
645 2184 713 2225 sed
746 2183 918 2225 modicae
953 2182 1174 2224 altitudinis
1201 2183 1316 2226 clivis
1347 2185 1555 2239 sparsum,
1586 2200 1677 2240 pra·

234 2277 402 2332 nsque,
432 2275 565 2332 agrss,
601 2289 649 2317 ac
678 2274 779 2318 lucis
804 2273 1072 2317 amoeniffime
1103 2274 1264 2317 varium
1285 2274 1466 2330 specstat,
1501 2285 1676 2330 propter

885 2368 916 2409 B
950 2379 973 2419 3
1499 2367 1619 2421 quod
