1916 2805
651 167 708 224 xa:
824 163 1035 224 (83)
1152 163 1208 220 Ξῖ

213 278 406 333 Impieret
428 311 440 331 ,
478 279 560 322 aliis
590 278 808 335 quibusvis
843 276 991 332 plantis
1022 277 1117 318 loco
1148 275 1324 330 depulsis
1358 282 1509 328 praeter
1540 269 1657 313 lilium
1684 283 1686 285 ’

214 375 429 424 martagon
447 400 461 421 ,
503 367 619 424 quod
649 366 872 410 stationem
902 368 1016 409 suam
1040 366 1287 408 contuitum
1311 372 1440 419 caput
1471 363 1511 404 in
1534 360 1658 405 filino

217 458 383 501 extulit.

405 581 499 622 Hos
523 589 688 622 montes
711 581 906 635 frequens
931 580 1071 623 incolit
1097 579 1246 623 lacerta
1262 575 1410 632 steHio,
1433 557 1660 620 maximum

214 670 353 713 suibus
376 669 482 724 gulae
515 668 826 711 irritamentum
846 702 860 720 ,
889 671 1099 712 veteranis
1126 670 1298 724 quidem
1327 667 1564 718 innoxium,
1595 668 1659 709 sed

214 759 387 804 novellis
412 759 513 812 saepe
540 756 924 811 periculofiffimum
945 772 958 805 3
997 758 1038 798 ni
1071 757 1211 805 enim,
1243 756 1360 811 quod
1392 757 1442 796 ini
1471 758 1656 808 faciunt,

212 846 425 891 bestiolam
449 855 546 887 ante
569 856 643 888 aut
666 847 840 901 pedibus
864 850 1083 894 obterant,
1112 854 1186 886 aut
1209 845 1402 886 dentibus
1423 845 1657 895 dilacerent,

214 947 402 980 mortem
427 951 525 979 cum
549 950 595 978 ea
620 939 869 994 plerumque
896 941 936 980 in
963 951 1012 980 os
1045 936 1277 992 recipiunt,
1309 935 1393 977 five
1423 935 1508 984 illa,
1540 934 1659 990 quod

215 1028 331 1070 alteri
365 1027 505 1069 rustici
538 1027 751 1080 dicebant,
783 1028 1059 1084 unguiculatis
1084 1027 1254 1079 pedibus
1286 1027 1325 1067 se
1351 1027 1553 1068 tenaciter
1584 1025 1657 1068 lin-

215 1132 307 1174 guae
329 1118 610 1170 adneetendo,
641 1120 749 1170 five,
781 1119 897 1172 quod
924 1117 1041 1159 alteri
1065 1118 1103 1158 se
1134 1113 1273 1158 vidisse
1293 1115 1536 1171 prodidere,
1567 1129 1659 1157 cau·

216 1208 274 1248 da
289 1208 328 1248 in
357 1221 403 1249 os
429 1208 570 1262 plicata
593 1208 633 1248 in
655 1209 798 1248 orbem
828 1207 933 1248 intra
957 1207 1091 1264 fau-ces
1115 1207 1153 1247 se
1187 1207 1424 1256 curvando,
1457 1218 1506 1248 os
1533 1205 1660 1260 gulae,

216 1297 368 1353 glutire
389 1297 548 1340 volenti
570 1296 782 1348 obstruat,
814 1297 960 1351 spiritu
984 1296 1222 1338 intercluso.

408 1402 763 1446 Animalculorum
788 1404 875 1444 haec
903 1398 1073 1457 captura
1097 1402 1195 1444 fuit.

411 1503 607 1550 Tenebrio
641 1504 856 1558 Velikenfis.
890 1512 1101 1563 Apterus3
1132 1518 1254 1550 totus
1285 1508 1401 1565 niger
1429 1509 1578 1566 demtis
1610 1510 1661 1553 ti-

216 1598 291 1642 biae
314 1598 534 1648 extremis,
574 1610 621 1638 ac
644 1599 756 1639 tarsis
784 1597 954 1657 inferne
975 1599 1303 1641 flavescentibus.
1342 1599 1511 1641 Thorax
1539 1599 1663 1641 lineo·

218 1687 264 1729 lis
286 1686 483 1741 impresiis
506 1686 686 1728 minimis
709 1689 763 1728 fic
793 1686 951 1731 st'riatus
965 1720 978 1740 ,
1008 1700 1058 1732 ut
1089 1691 1227 1746 primo
1247 1693 1407 1733 obtutu
1431 1688 1580 1742 pilosus
1603 1688 1664 1730 vi-

220 1778 381 1819 deatur.
441 1779 584 1832 Elytra
613 1777 840 1820 admodum
875 1793 1059 1822 convexa
1078 1812 1090 1831 ,
1133 1779 1270 1822 striata
1300 1779 1414 1821 lineis
1444 1778 1542 1820 oS'to
1561 1808 1573 1828 ,
1613 1779 1663 1820 ad

221 1865 378 1920 apicem
397 1867 438 1908 in
457 1866 664 1922 cuspidem
682 1868 915 1911 terminata.
945 1869 1119 1911 Femora
1136 1871 1292 1925 pedum
1315 1868 1553 1910 anticorum
1573 1869 1663 1911 uni-

220 1957 400 1999 dentata.
431 1960 565 2013 Long.
592 1970 630 2000 2.
654 1959 721 2000 lin.
762 1959 934 2001 Habitat
959 1958 1069 2001 intra
1094 1960 1295 2002 corticem
1322 1959 1360 2001 &
1386 1957 1545 2014 iignum
1569 1957 1662 2013 fagi.

227 2045 327 2092 Ταῦ.
354 2051 445 2091 v11.
477 2046 564 2103 Fig.
591 2060 630 2103 3.

419 2166 614 2213 Tenebrio
641 2166 895 2223 testudineus.
922 2172 1114 2216 Thorace
1133 2175 1268 2229 polito
1282 2175 1416 2232 nigro.
1448 2176 1601 2232 Elytris
1621 2175 1663 2218 in

225 2261 302 2305 bafi
325 2260 362 2303 &
389 2260 499 2316 apice
522 2263 652 2304 rubro
670 2283 684 2290 ·
705 2261 945 2305 testudineis
959 2297 971 2317 ,
998 2266 1154 2307 macula
1177 2274 1301 2308 ovata
1327 2267 1498 2322 utrique
1524 2270 1665 2322 elytro

914 2355 949 2394 L
977 2367 1006 2397 2
1494 2371 1609 2399 com-
