1916 2805
667 190 722 248 ²82
835 190 1078 247 (131)
1193 187 1248 245 23³

223 313 349 356 quam
376 302 465 344 satis
493 303 533 344 in
556 311 704 358 aperto
726 300 802 344 effe
830 303 1072 353 videantur,
1105 299 1253 342 nostrae
1276 299 1547 355 disquisitioni
1567 310 1664 341 con-

223 392 366 433 cedere
398 405 484 433 non
519 392 735 434 audemus.
779 393 1106 443 Medicamenta,
1148 403 1329 445 quorum
1361 390 1468 444 apud
1506 391 1667 443 plebem

222 481 315 522 usus
341 480 426 532 est,
459 482 545 521 haec
567 481 655 522 fere
678 482 822 523 rescire
851 482 1083 536 potuimus.
1117 481 1164 521 In
1187 480 1369 522 febribus
1401 479 1606 533 praecipua
1626 477 1668 519 il-

220 571 268 613 lis
292 570 350 613 est
368 570 564 626 gentiana
586 578 825 622 centaurea,
858 572 976 622 cujus
1000 572 1148 619 flores,
1180 570 1363 624 foliaque
1378 601 1389 621 ‚
1416 578 1574 623 quanta
1596 569 1670 609 tri-

221 661 297 702 bus
322 660 459 715 digitis
485 660 699 713 complesti
723 658 892 714 poss'unt
907 691 919 709 ‚
952 663 1114 703 modice
1137 661 1294 702 obtrita
1315 659 1516 702 leniffimo
1546 660 1668 714 supet

219 749 313 803 igne
338 761 436 788 cum
461 761 566 801 aqua
595 758 804 802 coquunt.
834 751 918 800 Ea,
960 753 988 792 fi
1013 765 1035 790 a
1063 750 1206 798 jejuno
1234 749 1425 799 bibatur,
1458 749 1494 790 ὅ(
1521 748 1666 789 stoma-

220 839 352 878 chum
382 837 651 888 confirmare,
691 837 729 878 &
755 837 889 878 febres
915 838 1115 892 depellere
1146 839 1293 878 fertur.
1334 837 1409 877 Sed
1434 837 1498 877 his
1524 851 1667 879 curan-

218 929 279 971 dis
309 928 433 970 etiam
456 928 631 969 radicem
657 927 894 982 plantaginis
917 940 1022 983 aqua
1047 927 1206 968 conam
1228 924 1439 967 adhibent.
1470 926 1667 977 Ejusdem

219 1016 466 1073 plantaginis
491 1018 626 1058 semen
650 1017 930 1072 dysenteriam
953 1027 1097 1068 curat,
1124 1016 1191 1058 cui
1215 1015 1339 1057 etiam
1364 1017 1583 1058 medentur
1607 1018 1665 1058 se-

218 1108 395 1149 minibus
424 1105 595 1159 verbasci
624 1104 819 1149 blattariae
851 1109 941 1150 ovis
977 1121 1076 1149 cum
1098 1109 1259 1162 butyro
1283 1105 1466 1147 incostis.
1509 1107 1667 1148 Adver-

216 1199 284 1240 sus
313 1198 550 1254 hydropem
574 1199 802 1241 remedium
825 1198 884 1240 est
914 1212 1048 1254 aqua,
1089 1211 1188 1238 cum
1213 1208 1297 1251 qua
1325 1197 1463 1237 baccas
1488 1195 1666 1250 juniperi

219 1290 425 1343 concoqui
460 1287 692 1341 patiuntur.
737 1290 840 1331 Eam
876 1290 925 1330 ad
954 1289 1048 1329 usus
1077 1287 1255 1329 servant.
1297 1287 1666 1341 Quandocumque

217 1378 310 1419 dein
339 1390 443 1432 aeger
470 1377 578 1418 litim
616 1379 752 1419 levare
782 1379 980 1420 defiderat
1001 1409 1014 1429 ‚
1055 1390 1104 1418 ex
1136 1389 1244 1431 aqua
1269 1377 1348 1417 hac
1383 1376 1432 1417 ad
1464 1377 1666 1430 poculum

219 1467 545 1516 transfundunt,
579 1465 619 1505 &
649 1468 764 1520 prius
783 1499 795 1516 ,
827 1482 955 1522 quarn
991 1468 1216 1522 porrigunt
1239 1498 1252 1515 ‚
1283 1467 1450 1507 succum
1475 1476 1497 1505 e
1532 1465 1665 1507 radice

218 1553 391 1611 bryoniae
413 1563 583 1596 recente
608 1555 745 1596 radula
776 1557 1049 1599 comminutae
1079 1557 1344 1610 exprimunt,
1379 1567 1559 1610 eumque
1588 1570 1662 1611 po·

218 1646 284 1688 tui
318 1644 523 1686 instillant.
564 1647 678 1688 Cum
710 1648 786 1688 hac
815 1648 984 1689 alteram
1015 1647 1138 1688 etiarn
1176 1645 1439 1687 curationem
1472 1645 1663 1687 adhibere

218 1748 304 1777 non
331 1735 570 1791 negligunt:
601 1735 796 1789 saponem
819 1740 1031 1779 Venetum
1056 1737 1098 1778 in
1122 1735 1269 1791 spiritu
1288 1734 1374 1776 vini
1396 1735 1662 1789 colliquesce-

218 1841 263 1870 re
287 1829 452 1878 linunt,
483 1836 645 1880 eoque,
678 1828 792 1881 quali
827 1837 1075 1884 unguento,
1105 1828 1265 1881 plantas
1292 1825 1448 1880 pedum
1475 1827 1570 1883 aegri
1599 1827 1664 1868 sae-

218 1930 271 1972 pe
297 1916 524 1971 perlinunt.
558 1916 763 1958 Adversus
787 1917 935 1972 splenis
959 1926 1152 1960 tumores
1173 1925 1304 1972 potus
1334 1917 1471 1968 lastis,
1502 1916 1569 1958 cui
1583 1913 1662 1969 sal-

219 2005 320 2047 viam
346 2006 609 2060 incoquunt,
641 2006 803 2047 salubris
831 2008 1024 2049 habetur.

412 2096 592 2136 Vulnera
618 2096 757 2137 sanant
780 2097 885 2138 foliis
908 2095 1160 2153 plantaginis·
1184 2092 1441 2152 angustffoliae
1464 2096 1665 2151 superim-

225 2187 367 2242 pofitis
382 2219 394 2239 ,
424 2195 658 2241 curantque
675 2218 687 2237 ,
706 2195 755 2227 ut
777 2196 944 2239 vetera,
977 2188 1016 2230 δε
1035 2189 1134 2229 fleca
1147 2189 1242 2231 folia
1262 2188 1382 2231 novis
1408 2189 1663 2230 recentibus-

217 2289 301 2333 que
327 2284 627 2332 permutentur
650 2288 843 2331 eousque
865 2309 878 2330 ‚
916 2255 1017 2319 dum
1042 2280 1155 2334 plaga
1178 2279 1409 2326 cicatricem
1443 2280 1580 2321 ducat.
1618 2278 1660 2321 Si

903 2370 936 2410 R
967 2381 996 2410 2
1451 2370 1604 2411 vulnus
