1916 2805
690 157 745 214 Σεὲ
864 156 1102 211 (134)
1223 153 1277 209 53³

574 237 586 251 .
1063 244 1067 247 .

257 288 430 332 genera,
462 282 646 327 quorum
674 269 715 309 in
745 265 954 308 Sclavonia
981 263 1265 318 frequentior,
1296 265 1422 316 quam
1442 262 1549 315 apud
1578 272 1686 313 nos,'

256 362 316 403 est
335 363 448 402 satio.
480 363 621 402 Solum
642 358 785 400 arabile
815 357 856 398 in
878 354 1119 396 universum
1139 352 1199 394 est
1226 353 1357 407 argilla
1376 353 1511 392 humo
1534 359 1689 404 tempe-

254 460 342 491 rata
369 451 617 504 plerumque
645 449 812 491 cinereo
832 477 844 495 ,
886 456 1206 497 nonnumquam
1237 442 1481 483 flavescente
1518 442 1657 482 colore
1675 471 1689 492 ,

261 553 347 581 non
376 548 521 589 tenax,
553 540 591 581 &
613 538 738 588 dura,
771 536 837 576 sed
865 536 1022 585 soluta,
1053 542 1179 586 atque
1203 531 1250 571 ad
1277 531 1493 572 colendum
1517 530 1690 577 maxime

261 629 430 676 idonea,
460 628 582 678 cujus
611 627 719 682 apud
746 625 901 678 peritos
930 623 1120 678 agricolas
1151 624 1235 663 laus
1267 618 1548 683 foecunditatis
1571 617 1693 659 maxi-

263 720 331 760 ma
353 716 430 760 effe
451 720 566 761 solet.
598 720 673 760 Sed
700 718 768 758 hic
795 717 911 757 famae
932 714 1017 754 suae
1042 726 1127 754 non
1150 712 1381 765 respondet.
1412 710 1564 762 Neque
1585 708 1694 749 enim

264 809 479 860 triticum,
519 808 590 850 nifi
623 822 717 849 cum
751 805 927 861 quinto,
960 811 1034 843 aut
1060 802 1198 852 sexto,
1229 801 1308 842 Zea
1334 812 1438 841 vero
1465 811 1579 852 mays
1610 811 1697 839 non

258 898 334 940 nifi
364 911 461 938 cum
494 896 737 951 sexagesimo
767 894 906 940 redit3
950 894 1033 932 five
1063 891 1178 945 quod
1209 891 1359 930 semina
1389 886 1499 942 spisse
1527 889 1626 939 jarib.
1656 888 1698 928 iu

267 986 406 1027 inanes
448 985 633 1026 exfiliunt
656 985 801 1038 spicas,
836 983 916 1024 five
937 982 1048 1035 quod
1069 981 1231 1021 inutiles
1254 979 1343 1018 satis
1373 977 1587 1016 internatae
1607 977 1700 1016 her·

268 1077 352 1124 bae,
384 1087 485 1128 quas
513 1074 661 1114 vellere
688 1084 781 1113 cura
806 1085 891 1112 non
912 1070 997 1121 est,
1030 1070 1171 1109 succos
1202 1076 1321 1107 terrae
1345 1066 1392 1106 ad
1420 1066 1460 1105 se
1491 1074 1700 1117 evocent,

257 1165 351 1206 five
368 1194 380 1214 ‚
413 1165 528 1218 quod
551 1163 838 1204 consenescens
853 1193 865 1212 ,
898 1161 937 1201 &
960 1167 1169 1213 perpetuo
1191 1156 1378 1198 contaeta
1402 1169 1573 1198 vomere
1594 1165 1702 1197 terra

272 1255 570 1296 stercoratione
598 1267 683 1295 non
711 1252 945 1301 adjuvetur.
977 1247 1196 1289 Indubium
1217 1245 1302 1297 est,
1333 1247 1373 1287 in
1396 1261 1461 1299 ea,
1494 1261 1619 1301 quam
1647 1257 1705 1288 te¹

269 1345 358 1386 neri
392 1344 571 1385 vidimus
591 1375 602 1394 ,
643 1342 703 1384 rei
732 1340 891 1382 rusticae
923 1337 1270 1379 administratione
1298 1336 1480 1392 graviter
1513 1337 1705 1391 peccari,

269 1435 388 1490 quod
414 1448 492 1488 pro
522 1433 650 1474 modo
676 1443 876 1472 arvorum
905 1442 1033 1482 pauca
1065 1428 1134 1469 fibi
1163 1436 1306 1481 parant
1330 1457 1342 1477 ‚
1382 1427 1420 1467 &
1447 1434 1623 1466 tuentur
1650 1440 1708 1466 ar-

274 1534 415 1566 menta
432 1551 444 1569 ,
475 1523 660 1575 nihilque
681 1533 728 1559 ex
750 1519 795 1558 iis
822 1519 861 1558 in
882 1519 1031 1557 chorte
1059 1518 1212 1557 habent
1228 1545 1239 1564 2
1272 1515 1388 1569 quod
1410 1514 1501 1555 inde
1524 1514 1564 1554 in
1589 1528 1708 1570 agros

277 1617 537 1666 exportetur.
585 1607 880 1649 Stercorationi
910 1605 1088 1659 suppleri
1118 1603 1347 1645 existimant
1381 1604 1462 1644 sive
1490 1603 1707 1645 cessatione

279 1712 399 1742 terrae
419 1701 461 1741 in
483 1699 601 1741 binos
625 1699 748 1739 etiam
770 1709 897 1738 annos
921 1695 1153 1749 produStae‚
1186 1693 1267 1734 five
1291 1693 1413 1746 paleis
1434 1707 1455 1732 a
1477 1693 1629 1734 tritura
1650 1708 1711 1735 re-

280 1790 425 1840 fiduis,
455 1802 595 1843 eoque
633 1787 749 1843 quod
785 1801 807 1827 a
834 1785 1033 1837 jumentis
1075 1785 1117 1825 in
1157 1782 1323 1826 messem
1361 1784 1498 1825 inaestis
1539 1783 1713 1831 decidit3

281 1890 456 1936 propter
487 1879 598 1934 quod
629 1890 720 1918 eam
749 1876 836 1930 ipso
866 1875 906 1916 in
938 1888 1038 1928 agro
1077 1883 1288 1915 exterunt.
1330 1874 1419 1927 Qui
1453 1887 1555 1915 oves
1593 1883 1712 1916 tuen-
1748 1915 1751 1916 γ

282 1980 378 2022 tur,
398 1967 574 2010 cratibus
603 1967 645 2008 in
678 1980 778 2022 agro
807 1966 1007 2006 cohortes
1031 1963 1213 2012 faciunt,
1243 1973 1293 2004 ut
1314 1963 1522 2017 pecudum
1559 1962 1713 2006 stercus

275 2061 393 2101 *intra
410 2072 473 2100 eas
503 2066 728 2099 remaneat.
759 2058 859 2097 Non
892 2053 1147 2102 diffitemur,
1187 2053 1228 2094 in
1261 2066 1307 2093 ea
1319 2040 1338 2104 ‚⁷
1371 2064 1464 2105 quae
1493 2065 1605 2093 nunc
1630 2052 1714 2106 est,

288 2149 584 2206 agricolationis*
614 2146 876 2189 ordinatione
903 2145 1100 2195 majorem
1128 2155 1328 2199 pecorum
1357 2154 1582 2183 numerum
1602 2142 1716 2184 susti-

277 2241 375 2284 neri
395 2237 617 2294 non.posse
630 2269 644 2291 ,
676 2236 792 2291 quod
813 2235 995 2278 extensio
1021 2242 1235 2290 pratorum
1259 2231 1387 2274 modo
1409 2246 1605 2288 agrorum
1631 2247 1719 2276 non

1495 2324 1660 2377 respon-
