2003 2876
700 142 755 200 231
871 145 1082 203 (29)
1189 147 1245 202 22<

442 252 559 297 Falco
588 252 855 309 rubiginql'us.
891 259 1032 311 Caput
1063 266 1210 299 totum
1241 257 1455 299 albescenti
1476 278 1490 284 -
1515 257 1681 297 luteum

244 344 362 399 genis
385 344 583 398 utrinque
605 343 869 398 rubiginofis5
899 348 1065 401 Corpus
1097 348 1253 389 inferne
1277 357 1424 389 totum
1447 343 1680 387 albescenti-

246 434 407 475 luteum
427 434 581 474 macula
600 431 639 472 in
662 433 830 486 pectore
851 433 1060 490 irregulari
1080 437 1324 492 rubiginosa.
1355 439 1523 489 Corpus
1544 434 1681 487 super-

237 536 299 570 ne
324 522 484 564 fuscum
499 553 511 573 ‚
544 522 734 563 tearices
752 524 905 565 alarum
929 525 1051 566 fuscae
1072 526 1250 579 apicibus
1273 525 1581 568 albescentibus.
1610 523 1684 562 Re-

244 612 375 665 miges
396 610 540 660 fuscae,
571 610 696 650 latere
722 612 925 653 exteriore
950 625 1078 664 can0‚
1109 614 1307 655 interiore
1337 616 1454 656 fusco
1479 611 1607 653 fasciis
1629 611 1680 650 al-

242 702 303 743 bis
326 699 524 754 pluribus.
553 698 755 739 Refihices
783 699 928 750 fuscae,
960 701 1087 742 fast-iis
1115 712 1303 756 quatuor
1326 700 1524 745 testaceis.
1553 699 1680 741 Pedes

239 790 355 831 lutei.
390 789 585 829 Rostrum
614 789 794 845 nigrum.

431 877 542 921 Falco
568 874 771 930 subbuteO.

433 966 544 1010 Falco
575 980 664 1008 cera
700 969 833 1015 lutea3
863 969 1036 1023 pedibus
1055 1001 1067 1020 ‚
1097 974 1279 1028 exceptis
1302 972 1440 1029 digitis
1461 1002 1474 1023 ,
1505 969 1676 1020 lanatis,

240 1072 417 1115 corpore
439 1045 622 1099 testaceo
653 1058 818 1098 maculis
843 1058 990 1113 nigris,
1023 1061 1177 1116 capite,
1213 1064 1251 1106 δι
1279 1065 1386 1105 collo
1409 1059 1678 1103 albidioribus·

243 1148 443 1194 Krammer
475 1146 641 1187 Elench.
676 1148 755 1187 No.
787 1159 851 1188 10.
882 1162 970 1202 pag.
999 1160 1096 1205 3²9·

431 1238 603 1280 Nullum
631 1248 735 1289 pene
761 1236 821 1277 est
858 1238 916 1277 rei
940 1238 1098 1280 rusticae
1127 1253 1285 1296 genus,
1317 1243 1383 1286 cui
1409 1239 1674 1295 ampliffimus

238 1329 439 1376 duarum,
479 1325 664 1365 triumve
698 1325 764 1365 fibi
796 1326 1069 1374 adjacentium
1097 1329 1393 1381 poffeffionum
1423 1333 1603 1381 fundus,
1635 1331 1677 1371 in

236 1429 390 1470 aequam
414 1417 661 1468 plerumque
686 1413 896 1466 planitiem
927 1430 1062 1471 usque
1086 1420 1132 1460 ad
1160 1421 1400 1464 Danubium
1426 1422 1643 1475 porreetus
1663 1451 1676 1469 ,

232 1506 328 1549 inde
353 1506 392 1546 in
427 1503 654 1545 vineaticos
683 1505 806 1544 colles
841 1504 986 1546 leniter
1012 1507 1248 1564 adsurgens,
1292 1509 1365 1552 tali
1396 1514 1560 1554 cultore
1592 1526 1677 1556 non

234 1599 344 1638 ultra
370 1598 406 1637 se
433 1595 622 1649 praebeat.
653 1597 720 1636 De
741 1595 820 1649 ipsa
839 1605 981 1637 autem
1002 1599 1160 1639 colendi
1183 1600 1367 1654 ratione,
1399 1603 1598 1657 quoniam
1618 1606 1675 1647 ni-

235 1689 292 1730 hil
315 1703 336 1728 a
362 1687 498 1728 nostra
524 1685 729 1726 diversum
752 1687 902 1728 habere
925 1688 1044 1729 nobis
1066 1689 1147 1730 visa
1167 1690 1256 1743 est,
1287 1705 1372 1734 non
1396 1694 1548 1736 attinet
1570 1697 1677 1738 dice-

233 1793 290 1822 re.
331 1779 446 1819 Inter
474 1776 686 1818 familiares
714 1777 874 1829 plantas
904 1777 974 1818 hic
1003 1791 1090 1819 non
1114 1779 1274 1833 minus,
1308 1796 1437 1838 quam
1472 1785 1513 1826 in
1539 1787 1676 1830 vicina

234 1868 458 1924 Hungariae
482 1865 653 1922 regione
679 1863 811 1907 holcus
824 1864 1091 1919 saccharum-r
1117 1872 1256 1914 locum
1280 1873 1427 1927 habet,
1453 1878 1569 1931 quod
1590 1877 1676 1929 ejus

232 1958 419 2014 panicula
440 1957 530 1999 vice
555 1957 774 2010 scoparum
799 1958 847 1999 fit
870 1958 913 2000 in
933 1960 1023 2000 usu.
1054 1961 1213 2002 Semina
1243 1962 1332 2014 ejus
1360 1978 1458 2006 aves
1481 1968 1676 2009 cohorta-

228 2051 287 2091 les
309 2049 471 2103 optime
496 2046 695 2100 implent,
728 2048 794 2088 sed
813 2062 907 2090 raro
931 2049 1162 2105 granarium
1183 2051 1383 2104 subeunt,
1415 2056 1530 2108 quod
1557 2058 1673 2110 prius

233 2153 355 2195 quam
383 2138 692 2190 maturescunt,
724 2153 745 2179 a
767 2139 987 2194 paHEribuS
1007 2143 1210 2196 leguntur.
1242 2145 1306 2185 Ab
1330 2144 1408 2185 hac
1438 2146 1580 2189 avium
1603 2147 1672 2190 de-

234 2228 502 2285 populatione
529 2227 711 2272 immune
746 2229 806 2273 est
834 2225 942 2274 {liud
971 2230 1070 2275 holci
1097 2246 1229 2289 genus
1259 2233 1444 2289 panicula
1470 2246 1675 2294 nutante,

899 2323 943 2363 D
976 2335 1000 2376 3
1368 2320 1372 2321 ⁷
1503 2338 1618 2372 race-
