1916 2805
691 155 746 209 Q<
863 153 1072 209 (52)
1187 156 1241 212 ΣΞ

256 280 298 314 ta
316 271 475 314 aedificia
499 266 599 309 nihil
619 279 705 306 non
725 263 993 306 materiatum
1013 261 1094 311 est5
1116 276 1210 318 quae
1231 276 1296 306 res
1319 264 1361 306 in
1380 270 1492 305 tanta
1509 265 1689 319 lapidum

254 376 277 404 e
299 362 437 406 vicino
461 358 580 412 copia
605 353 754 406 justam
777 352 895 394 nobis
918 354 1278 406 reprehensionem
1298 354 1448 395 habere
1472 353 1652 395 videtur.
1695 394 1697 396 ,

446 449 559 488 Cum
584 443 690 485 diem
720 455 855 484 unum
882 439 1103 483 necessariis
1128 444 1398 486 humanitatis
1424 442 1570 485 officiis
1597 454 1695 483 con-

256 534 524 587 ceffiffemus‚
557 533 656 575 nihil
686 532 837 574 morati
859 532 1001 573 sumus
1033 533 1286 587 imperatum
1309 531 1530 589 negotium
1557 531 1696 586 adgre⁴

253 628 318 676 di,
347 637 521 681 quaeque
544 623 777 665 evincendae
804 632 981 665 eventus
1007 622 1180 663 maxime
1209 621 1389 678 ambigui
1422 616 1561 662 cauffae
1585 633 1694 674 opus

261 723 397 766 erant,
434 723 654 767 tamquam
686 713 774 766 spes
798 710 995 766 subesset,
1027 713 1180 755 sedulo·
1200 725 1453 764 comparare.
1484 714 1629 764 Atque
1654 709 1696 750 in

258 819 310 847 eo
333 802 608 858 antiquissima
634 802 750 843 nobis
772 816 870 845 cura
889 802 995 852 fuit,
1021 812 1072 844 ut
1094 815 1264 844 omnem
1283 810 1518 844 eventuum
1535 799 1695 849 seriem,

263 895 536 948 ordinemque
562 903 649 933 non
669 890 791 931 dubia
811 892 916 932 fama
932 924 943 943 ‚
974 891 1041 932 sed
1070 903 1243 942 eorum,
1269 891 1366 944 qui,
1393 890 1544 944 quibus
1567 890 1696 930 ,rebus

260 986 332 1039 ipfi
353 978 630 1024 interfuissent
643 1008 656 1028 ‚
686 980 853 1021 easdem
874 980 999 1021 etiam
1020 992 1119 1019 cum
1141 979 1220 1019 fide
1245 979 1397 1019 referre
1416 979 1590 1024 vellent,
1610 989 1697 1018 non

259 1072 461 1128 ambiguis
485 1067 731 1112 testimoniis
751 1070 838 1123 ipso
869 1070 909 1110 in
932 1071 1025 1110 loco
1041 1068 1208 1122 penitus
1233 1067 1578 1122 perdisceremus,
1605 1067 1700 1106 Per-

260 1163 311 1204 ill.
340 1164 394 1204 D.
433 1157 549 1202 Petro
583 1155 753 1200 Tucbich
780 1157 912 1198 Iudice
936 1156 1150 1199 Nobilium
1179 1156 1502 1208 sciscitantibus,
1534 1157 1700 1209 respon-

258 1250 540 1302 dentibusque
565 1245 896 1297 interveniente,
928 1252 976 1287 ut
1005 1246 1130 1288 veriti
1161 1245 1447 1302 magistratum
1476 1246 1611 1287 coloni
1640 1244 1699 1286 in-

260 1338 516 1394 telligerent,
547 1346 624 1375 nos
644 1347 731 1375 non
761 1348 864 1376 vana
889 1334 1037 1376 sciendi
1062 1334 1249 1387 libidine,
1280 1335 1346 1376 sed
1376 1336 1493 1392 Regis
1520 1335 1695 1390 imperio

259 1445 282 1472 e
304 1440 390 1471 tam
411 1427 644 1482 longinquo
664 1424 713 1465 ad
735 1425 774 1465 se
796 1422 1003 1466 acceffiffe.
1035 1427 1144 1478 Quae
1167 1423 1341 1465 minutis
1364 1425 1488 1466 etiam
1511 1423 1699 1479 quaestio-

261 1520 381 1563 nibus
404 1514 555 1558 tentati
579 1512 863 1568 prodiderint,
894 1526 1155 1569 quamquam
1181 1512 1413 1555 adversariis
1439 1512 1589 1555 nostris
1619 1514 1698 1556 dili·

261 1616 409 1664 genter
429 1605 579 1646 inserta
602 1603 846 1654 habeamus,
878 1616 964 1645 non
987 1604 1141 1646 attinet
1162 1605 1338 1655 referre,
1369 1616 1467 1644 cum
1494 1604 1630 1645 omnia
1660 1604 1702 1644 in

262 1697 369 1737 idem
394 1701 663 1748 competant,
695 1705 830 1749 neque
859 1694 1011 1748 aliquid
1039 1696 1089 1734 ab
1112 1693 1183 1743 iis,
1213 1705 1308 1747 quae
1328 1692 1368 1733 in
1399 1692 1603 1746 principio
1624 1695 1701 1734 hu·

261 1786 327 1836 jus
352 1784 488 1839 operis
522 1782 780 1823 narravimus
796 1813 808 1831 ,
835 1783 1044 1824 diversum
1073 1783 1240 1822 habent.
1269 1780 1383 1822 Nihil
1407 1790 1550 1824 autem
1571 1784 1699 1840 magis

260 1873 422 1917 rusticis
445 1886 530 1913 non
552 1872 763 1923 fraudem,
788 1885 873 1913 non
897 1870 1114 1922 malitiam,
1137 1883 1223 1911 non
1244 1869 1385 1911 casum
1405 1871 1700 1926 suspicantibus

264 1961 505 2017 persuasum
533 1955 608 2000 este
626 1960 1020 2013 animadvertimus,
1051 1971 1176 2015 quam
1196 1960 1460 2002 incendiarios
1486 1961 1599 2017 ignes
1626 1972 1698 2003 aut

262 2050 332 2091 sub
350 2051 458 2102 solo,
488 2058 561 2090 aut
584 2048 711 2090 libero
739 2049 781 2090 in
798 2063 888 2091 aere
908 2050 1057 2104 sponte
1078 2060 1252 2092 coortos
1271 2045 1386 2091 fuiffie
1400 2080 1412 2101 ,
1436 2047 1700 2107 habuiffeque

264 2138 414 2194 aliquid
437 2137 629 2194 prodigio
651 2139 787 2181 fimile.
818 2140 895 2181 Sed
915 2152 990 2181 nos
1014 2140 1284 2193 praedamnata
1316 2140 1385 2193 spe
1407 2141 1556 2195 aliquid
1580 2155 1700 2197 expe-

265 2227 396 2270 diendi
410 2257 424 2278 ‚
454 2240 548 2284 quae
568 2229 777 2284 tempori,
800 2231 981 2284 locoque
1005 2240 1101 2285 apta
1124 2227 1201 2272 effe
1221 2229 1563 2291 existimavimus,
1585 2232 1699 2274 sedu-

1599 2323 1643 2365 lo
