1916 2805
681 154 1089 215 23³(118)
1203 157 1258 216 25³

266 270 519 317 animalium,
551 270 590 310 &
619 266 804 320 plurimis
831 265 995 306 diversae
1025 266 1186 321 figurae,
1228 268 1464 324 colorisque
1489 271 1649 314 lamellis
1675 284 1697 312 e

264 359 382 398 taenia
405 356 588 410 pendulis
616 353 885 395 discriminare
901 384 913 404 ,
937 357 1191 411 rubeamque
1206 390 1218 409 ,
1250 372 1378 412 quam
1398 358 1508 411 dixi,
1531 359 1698 412 vittam,

264 447 305 487 &
326 446 475 486 collum
494 476 506 496 ‚
537 452 665 497 atque
690 455 807 484 aures
831 455 992 485 ornare.
1022 445 1173 487 Hieme
1204 447 1282 489 viri
1307 461 1450 503 aeque,
1482 461 1527 489 ac
1555 448 1697 490 mulIe-

260 548 323 576 res
346 535 473 590 pelliti
496 536 606 577 sunt.

451 627 652 679 Quorum
676 625 790 681 regio
813 635 1011 667 montana
1032 625 1116 679 est,
1149 627 1174 668 ii
1206 627 1419 682 quondam
1452 638 1557 668 raras
1592 627 1699 668 inter

261 715 301 755 se
323 714 478 765 junctas
499 715 610 755 sedes
631 716 831 760 habebant
846 746 858 766 ‚
888 715 1210 757 habitationibus
1231 717 1376 758 diverfi
1390 748 1402 764 ,
1436 716 1699 770 discretique.

264 804 341 845 Sed
360 804 483 844 hodie
504 804 619 845 vicos
643 802 832 845 nostrum
860 805 900 845 in
930 818 1089 846 morem
1112 807 1249 847 locant
1273 806 1468 848 connexis
1498 805 1698 856 aedificiis,

262 893 502 934 curantibus
527 893 564 934 id
594 891 888 947 poffeffionum
910 895 1109 942 dominis,
1141 905 1191 935 ut
1220 896 1388 951 publicae
1420 908 1506 936 non
1534 895 1698 945 minus,

264 994 390 1034 quarn
418 982 589 1032 privatae
618 985 868 1024 colonorum
898 983 1105 1023 securitati
1135 983 1373 1024 consultum
1405 983 1479 1034 fit,
1510 983 1577 1022 cui
1608 995 1699 1036 quo

259 1068 389 1123 magis
412 1070 677 1123 prospectum
699 1069 824 1123 esset,
857 1073 896 1113 in
923 1072 1134 1126 praecipuo
1163 1071 1339 1121 cujusvis
1369 1071 1460 1127 pagi
1481 1073 1577 1112 toro
1608 1071 1698 1112 aedi-

256 1157 346 1197 cula
369 1159 500 1211 polita
519 1158 601 1210 est,
627 1160 666 1201 in
689 1173 814 1215 quam
836 1160 876 1200 in
898 1159 1008 1201 vasta
1029 1160 1274 1214 tempestate
1297 1172 1514 1212 correpere
1531 1159 1700 1215 poffint‚

218 1238 229 1245 ⁹
255 1247 329 1301 qui
360 1250 483 1290 none
516 1248 701 1290 excubias
729 1259 884 1304 agunt,
925 1262 1026 1305 quas
1050 1251 1187 1292 coloni
1218 1251 1328 1292 inter
1359 1252 1398 1292 se
1427 1252 1667 1306 partiuntur
1685 1281 1698 1301 ,

258 1337 443 1390 pluribus
476 1336 518 1378 in
549 1339 714 1392 lingulas
744 1338 885 1381 noctes
918 1339 1127 1394 deputatis
1149 1371 1160 1392 ‚
1200 1349 1250 1380 ut
1283 1353 1504 1382 numerum
1534 1340 1697 1383 faciant.

256 1427 422 1468 Domos
445 1441 465 1467 a
493 1427 578 1468 solo
602 1429 826 1480 attollunt,
859 1427 1110 1482 struuntque
1132 1443 1154 1469 e
1179 1430 1492 1483 perquadratis‚
1526 1431 1564 1472 &
1591 1432 1697 1473 dola·

260 1516 312 1557 tis
337 1517 486 1572 tignis,
517 1516 799 1571 integuntque
823 1520 1065 1573 plerumque
1087 1516 1238 1570 assulis,
1271 1533 1366 1561 raro
1395 1521 1443 1560 ad
1475 1519 1581 1561 teEla
1603 1520 1697 1562 stra-

255 1614 500 1646 mentorum
522 1605 613 1645 usu.
655 1606 901 1648 Fumarium
934 1607 1068 1661 ipsum
1093 1609 1353 1650 materiatum
1383 1609 1563 1661 faciunt,
1597 1611 1696 1652 exal-

258 1703 435 1746 tantque
465 1694 506 1734 in
540 1694 719 1735 formam
750 1696 904 1747 turris,
945 1698 982 1739 ἃ
1011 1707 1224 1738 exornant.
1269 1701 1387 1740 Intus
1418 1699 1557 1739 omnia
1588 1709 1697 1741 terra

257 1782 473 1834 oblinunt,
505 1784 775 1838 poliuntque‚
808 1786 845 1827 ὅτ
865 1784 1078 1839 postremo
1101 1787 1205 1826 calce
1228 1795 1511 1839 percurrunt,
1534 1796 1584 1828 ut
1605 1802 1698 1830 can·

256 1873 460 1914 didentur.
492 1875 656 1915 Calcem
680 1888 766 1915 non
788 1889 809 1915 a
832 1874 1002 1917 calcariis
1028 1885 1201 1927 emunt,
1232 1876 1299 1916 sed
1327 1875 1398 1929 ipfi
1428 1876 1470 1917 in
1503 1878 1600 1919 usus
1630 1892 1697 1920 co·

257 1971 398 2016 quunt
420 1992 433 2011 ‚
474 1964 595 2004 obvia
624 1964 672 2004 ad
704 1977 792 2004 eam
826 1965 985 2019 ubique
1019 1965 1205 2006 materia.
1249 1964 1321 2006 Est
1345 1974 1487 2007 autem
1518 1967 1694 2008 fornacis

258 2053 345 2092 haec
367 2051 641 2093 construfflo:
676 2054 824 2106 Sepem
849 2054 1015 2110 erigunt
1040 2056 1227 2096 rotundo
1251 2055 1412 2096 ambitu
1441 2056 1496 2096 ita
1513 2088 1525 2107 ‚
1559 2065 1609 2098 ut
1638 2059 1695 2098 lo-

255 2152 352 2180 cum
375 2141 563 2187 claudam
594 2143 700 2183 hanc
719 2143 796 2184 alio
820 2145 986 2186 rursum
1004 2145 1234 2199 sepimento
1250 2176 1261 2196 ‚
1293 2143 1432 2185 relicto
1458 2144 1694 2197 intervallo,

255 2230 622 2274 circumveniunt:
661 2231 771 2274 inter
801 2233 900 2275 duas
927 2235 1041 2288 sepes
1063 2266 1076 2287 ‚
1119 2233 1235 2288 quod
1267 2233 1497 2276 intervacat
1517 2269 1529 2286 ‚
1561 2237 1694 2293 argilla

1454 2329 1634 2381 explent.
