2003 2876
785 158 838 213 ΣΞ
954 156 971 211 (
1030 170 1059 211 4
1117 154 1133 210 )
1223 170 1226 172 ·
1251 153 1305 209 25³

334 279 427 320 stari
463 274 591 329 coepit
617 304 628 324 ‚
661 282 872 324 quorum,
916 279 1047 320 quum
1089 263 1247 304 causam
1291 262 1528 316 ignorarent
1559 261 1763 317 agrestes,

335 378 523 409 naturam
555 363 776 415 suspefiiam
799 358 979 397 habuere
994 386 1004 402 ‚
1019 352 1279 407 immigrante
1298 351 1337 390 in
1364 350 1522 390 animos
1543 352 1766 392 hominum

337 457 557 512 opinione,
587 465 658 493 eos
679 456 750 488 aut
771 461 793 486 a
824 455 934 485 terra
965 445 1111 497 sponte
1148 442 1305 491 editos,
1344 449 1417 479 aut
1443 440 1566 480 libera
1601 440 1639 480 in
1671 454 1779 482 aura·

336 547 474 589 subito
486 551 656 584 coortos
682 535 811 579 fuiffe.
853 538 907 577 Et
919 547 1052 588 usque
1076 546 1127 573 eo
1153 531 1357 585 pertinuit
1383 540 1541 580 terror,
1561 537 1610 569 ut
1632 527 1769 568 rustici

336 636 433 678 nulli
454 634 534 684 jam
555 631 668 672 tec‘to
695 629 786 669 satis
808 628 1009 676 fiderent,
1041 621 1268 677 paffimque
1299 619 1466 662 desertis
1496 627 1539 659 et
1567 618 1769 658 evacuatis

339 724 529 766 domibus
561 721 601 760 in
630 718 771 759 vicinis
793 715 984 771 pomariis
1023 713 1307 754 sternerentur
1332 743 1343 762 ,
1395 710 1509 751 omni
1549 709 1771 752 domestica

342 812 572 869 supelleffili
618 810 658 850 in
695 808 920 862 propatulo
958 806 1116 859 polita,
1150 802 1286 854 quoad
1323 800 1399 840 alio
1433 802 1555 850 loco,
1596 813 1684 853 quo
1721 800 1774 840 εἰ*

342 916 481 945 mores
515 913 599 940 non
626 909 879 952 pervenere,
911 907 1037 935 novas
1071 893 1137 933 libi
1173 892 1280 931 sedes
1316 887 1585 930 collocassent,
1617 891 1772 930 XVIII.

343 990 536 1034 Kalendas
560 988 762 1030 Ocitobres
787 998 895 1027 anno
932 997 1036 1037 1779
1056 983 1237 1036 primum
1255 995 1316 1022 res
1336 980 1489 1035 pavidae
1514 975 1587 1018 effe
1611 988 1773 1032 coeptae,

345 1084 383 1124 &
419 1080 535 1134 quod
580 1077 810 1132 periculum
852 1075 952 1127 saepe
986 1086 1072 1113 uno
1114 1073 1176 1112 die
1212 1072 1411 1112 iteratum
1451 1068 1509 1108 est
1535 1099 1546 1118 ,
1587 1070 1623 1110 ἅ*
1659 1069 1776 1122 quod

344 1172 469 1212 unius
493 1171 650 1220 semper
677 1164 814 1206 rustici
843 1163 959 1203 tediis
986 1160 1186 1202 incubuit.
1220 1162 1342 1199 Mane
1364 1161 1444 1199 sole
1471 1159 1658 1197 nondum
1678 1167 1777 1198 orto

345 1261 426 1302 visa
463 1258 643 1312 primum
675 1254 837 1294 flamma
863 1253 910 1292 ab
943 1251 1028 1291 imo
1051 1250 1201 1291 domus
1231 1252 1383 1306 angulo
1410 1250 1449 1289 in
1474 1247 1779 1287 summumlen-

347 1360 389 1391 te
408 1348 594 1403 gliscere,
627 1345 663 1386 &
683 1342 795 1383 testo
816 1342 854 1381 se
881 1341 1092 1395 adplicare.
1124 1340 1223 1381 Inde
1247 1353 1343 1379 cum
1366 1338 1597 1379 stramentis
1623 1335 1779 1379 excuffa

351 1438 560 1491 disparuit.
613 1435 814 1473 Extremo
859 1431 954 1482 die,
1004 1444 1088 1485 qua
1124 1430 1256 1470 imum
1288 1429 1447 1469 testum
1479 1431 1585 1469 ultra
1605 1429 1778 1483 parietes

348 1529 498 1569 domus
525 1523 727 1571 exstabat,
758 1522 1008 1574 rursumque
1028 1520 1122 1573 post
1154 1520 1242 1561 solis
1276 1519 1468 1558 occasum
1491 1519 1531 1558 in
1556 1519 1782 1573 ipsojanuae

347 1616 485 1657 limine
515 1614 652 1654 subito
682 1611 847 1657 flamma
875 1610 1066 1660 colluxit,
1100 1611 1163 1650 sed
1194 1619 1288 1651 ante
1307 1639 1319 1657 ,
1351 1621 1472 1662 quam
1511 1623 1659 1650 noxam
1685 1610 1781 1650 dare

353 1703 508 1761 postet,
548 1703 734 1744 restinffta
776 1700 848 1741 est.
898 1704 1095 1754 Quatuor
1125 1699 1218 1753 post
1240 1698 1353 1739 horis
1378 1698 1609 1739 vimineum
1634 1698 1783 1741 modici

351 1795 528 1836 ambitus
566 1791 821 1847 granarium,
842 1799 885 1830 et
906 1789 1101 1844 postridie
1129 1788 1366 1829 cubiculum
1390 1820 1402 1839 ,
1435 1789 1517 1829 hoc
1562 1788 1784 1840 sexdecim,

353 1885 445 1926 illud
466 1882 682 1924 duodecim
708 1880 883 1935 paffibus
914 1896 936 1921 a
966 1881 1093 1922 domo
1121 1878 1325 1928 seiumih,
1348 1891 1445 1918 cum
1481 1877 1619 1918 ardere
1647 1878 1788 1932 coepis-

355 1975 467 2024 sent,
500 1988 521 2014 a
550 1971 738 2027 vigilibus
780 1972 926 2012 domui
957 1969 1146 2025 adpositis
1184 1968 1355 2009 flammis
1384 1977 1526 2020 erepta
1557 1968 1666 2008 sunt.
1696 1969 1787 2009 Nec

357 2064 546 2117 deinceps
584 2064 733 2103 domus
761 2063 984 2116 periclitata
1008 2061 1066 2103 est
1090 2091 1102 2109 ‚
1142 2071 1273 2112 usque
1308 2057 1355 2097 ad
1384 2059 1448 2098 V1.
1487 2057 1580 2097 Idus
1613 2055 1788 2109 Januarii

356 2152 465 2191 Anni
504 2155 637 2204 1780,
670 2164 760 2204 quo
794 2160 890 2192 ante
928 2154 1061 2192 lucem
1088 2180 1100 2200 ,
1142 2149 1254 2189 tecto
1290 2135 1371 2189 alte
1404 2145 1566 2187 nivibus
1603 2146 1787 2196 obruto,

358 2242 499 2295 prius,
531 2241 822 2296 quam-aliquis
850 2239 1019 2294 periculi
1043 2228 1178 2279 sensus
1200 2238 1247 2278 ad
1271 2237 1522 2278 dormientes
1537 2235 1789 2288 perveniret,

361 2333 472 2387 ignes
503 2332 582 2384 jam
612 2344 664 2372 eo
689 2331 869 2381 admisit,
901 2339 952 2370 ut
983 2329 1123 2370 deinde
1155 2342 1309 2383 pavore
1338 2330 1572 2380 somnoque
1615 2325 1790 2378 torpidis

1599 2416 1733 2456 homi-
