2003 2876
784 114 839 210 Σεὲ
955 153 1163 208 (³2)
1283 151 1338 206 a<

343 273 450 313 malo
473 272 708 312 medentur.
733 267 846 309 Idem
868 267 984 305 alveo
999 262 1090 304 vice
1105 274 1220 314 aquae
1235 260 1438 310 infusum,
1459 266 1692 313 potumque
1702 258 1778 299 sui·

348 366 425 405 bus
446 362 590 405 eodem
613 356 796 413 gutturis
819 356 925 394 malo
947 350 1223 393 laborantibus
1242 349 1469 390 remedium
1495 347 1565 387 est.
1597 346 1673 387 Sed
1696 348 1780 387 hoc

351 450 553 493 efficacius
569 447 676 501 apud
692 446 780 485 sues
792 441 1006 484 decofium
1020 440 1159 483 radicis
1180 437 1294 480 arfflz'
1310 437 1433 493 lappoe
1447 434 1524 478 effe
1541 437 1703 477 dicitur.
1735 438 1784 477 In

348 539 452 595 agris
476 537 612 579 obiter
633 533 818 588 inspeetis
839 534 909 573 has
930 531 1016 571 fere
1035 530 1126 570 satis
1140 529 1466 577 linternascentes
1490 528 1644 580 plantas
1670 537 1788 579 repe·

352 630 505 672 rimu33
521 621 695 679 nigellam
706 616 889 674 sativam'‚
907 616 1137 674 delphinium
1157 614 1367 669 consolida,
1393 613 1578 669 trifolium
1601 610 1788 665 arvense,

353 714 620 771 melampyrum
632 705 982 764 arvense,stacbin
996 705 1180 758 ereffam,
1205 703 1365 748 daucum
1382 711 1570 747 carottam
1584 733 1597 752 ,
1620 700 1789 743 bromum

359 804 583 857 arvcnsem,
616 798 875 854 &sccalinum
892 829 904 848 ‚
935 812 1024 853 quo
1051 800 1157 838 nulla
1179 797 1249 838 alia
1276 797 1478 852 segetibus
1503 793 1628 847 magis
1651 790 1792 832 infesta

357 900 498 939 herba.
533 896 578 934 In
610 891 715 947 agris
737 899 910 945 propter
933 890 1045 929 sllVaS
1068 889 1210 941 politis
1232 883 1469 939 aristolochia
1490 880 1717 932 clematitis,
1750 880 1792 920 in

357 985 500 1039 apricis
511 977 716 1035 serratula
746 975 919 1030 arvenfis
947 978 1178 1018 abundabat
1197 1007 1208 1026 ,
1247 985 1376 1028 atque
1402 976 1490 1015 haec
1513 955 1649 1026 usque
1666 972 1793 1019 adeo,

357 1084 403 1117 ut
423 1089 444 1114 a
470 1085 608 1127 pappo
630 1069 790 1111 seminis
819 1068 907 1118 ejus
933 1081 1028 1107 arva
1060 1066 1383 1110 candidarentur‚

547 1164 593 1203 In
613 1159 716 1200 silvis
737 1157 841 1197 nulla
864 1168 947 1194 non
971 1155 1093 1194 arbor
1113 1153 1313 1207 vulgari3‚
1347 1160 1495 1206 praeter
1522 1161 1613 1192 acer
1633 1146 1799 1190 tartari-

363 1264 448 1294 cum
469 1244 838 1302 frequentiffimam
861 1252 953 1284 tota
976 1242 1188 1284 Sclavonia
1205 1242 1373 1296 stirpem
1387 1273 1400 1293 ,
1422 1243 1459 1283 &
1479 1240 1687 1294 quoddam
1703 1237 1800 1292 fra-

361 1338 445 1381 xini
465 1340 514 1379 ab
543 1332 743 1385 excelsiore
773 1333 981 1374 diversum
1011 1344 1168 1386 genus,
1209 1331 1325 1385 quod
1352 1343 1487 1372 ornum
1511 1327 1588 1371 effe
1612 1339 1802 1369 autuma-

365 1442 473 1471 mus.
503 1428 612 1468 Nam
632 1420 840 1476 fraxinum
869 1434 1030 1468 ornum,
1066 1421 1338 1476 posteaquam
1369 1421 1470 1461 illam
1497 1421 1566 1474 ipfi
1595 1394 1709 1459 annis
1737 1422 1802 1459 ab·

362 1519 460 1561 hinc
490 1514 679 1571 quinque
702 1510 741 1550 in
770 1508 804 1550 V
804 1514 916 1552 b'rb's-
937 1507 1082 1565 bereny
1103 1511 1324 1552 florentem
1346 1510 1600 1563 reperimus,
1633 1511 1801 1564 Hunga·

366 1609 434 1653 riae
460 1617 635 1661 quoque
666 1602 895 1656 indigenam
925 1599 1026 1652 effe,
1060 1601 1150 1642 satis
1180 1600 1351 1641 constat.
1384 1604 1628 1652 Utrumque
1661 1597 1802 1639 fraxini

368 1711 499 1755 genus
520 1695 662 1738 insedit
689 1690 804 1735 meloe
830 1688 1054 1741 veficatoria
1082 1703 1126 1731 ea
1154 1690 1443 1740 multitudine,
1475 1697 1525 1729 ut
1555 1688 1804 1742 congiorum

369 1789 562 1833 mensura
585 1785 662 1841 legi
685 1779 894 1838 potuisset.
928 1783 1042 1822 Inter
1074 1779 1245 1820 frutices
1273 1774 1474 1833 ligzdirurrz
1498 1776 1668 1832 vulgare
1693 1778 1808 1821 rusti-

371 1881 430 1922 cis
462 1877 719 1933 praecipuum
742 1871 821 1920 est,
856 1872 972 1925 quod
1000 1883 1133 1925 aqua,
1165 1881 1293 1922 quam
1316 1882 1415 1909 cum
1443 1882 1530 1919 ejus
1559 1868 1661 1910 foliis
1689 1883 1808 1910 coxe-

373 1985 443 2019 re,
473 1970 619 2010 dentes
649 1963 868 2020 pecoribus
896 1965 1056 2012 lavant,
1093 1972 1193 2001 cum
1220 1970 1292 1999 eos
1321 1957 1549 1999 vacillantes
1567 1990 1582 2008 ‚
1613 1960 1650 2000 &
1681 1958 1809 2001 salivis

374 2060 551 2103 fluidum
573 2070 620 2098 os
644 2057 811 2100 habent.

570 2149 670 2190 Non
698 2145 768 2186 alia
797 2142 912 2198 regio
941 2140 1275 2182 animalculorum
1309 2137 1483 2179 feracior
1522 2134 1593 2177 est.
1648 2138 1810 2179 Eorum

380 2240 582 2296 praecipua
602 2238 683 2288 jam
713 2232 1146 2278 commemorabimus.

565 2324 794 2370 Scaraboeus
816 2322 948 2377 sacer.
980 2321 1096 2364 Linn.
1618 2314 1756 2359 Scara—
