1916 2805
729 148 784 203 Σεὲ
901 144 1108 200 (72)
1224 143 1279 197 ss

298 261 634 307 numerofiffima.
673 254 920 312 Magnitudo
948 255 1187 295 Geometrae
1214 252 1424 295 bilineatae.
1465 250 1582 295 Linn.
1628 250 1722 297 Ταῦ.

298 355 369 395 Vl.
398 351 490 405 Fig.
515 363 554 390 2.

493 434 643 493 Pyralis
671 431 851 477 harbalis.
885 428 1002 474 Linn.
1032 431 1305 474 Conveniunt
1326 422 1574 474 characteres
1593 433 1729 486 praeci-

297 528 370 582 pui
403 539 578 574 omne33
617 527 681 567 sed
709 524 814 581 palpi
843 523 1055 566 breviores
1083 521 1161 563 dici
1194 535 1280 563 non
1308 518 1491 576 possunt.
1528 516 1627 563 Tab.
1658 523 1726 563 VI.

298 616 384 673 Fig.
410 630 448 671 ς.

490 706 709 749 Montium
733 707 780 747 ad
808 708 956 747 urbem
977 702 1204 743 adfitorum
1225 702 1311 742 fere
1331 703 1504 743 calcarea
1527 700 1586 742 est
1611 708 1730 741 natu-

300 812 343 840 ra
363 828 376 848 ,
414 796 691 852 quorumdam
722 795 847 836 etiam
874 794 1042 843 ferrata,
1074 791 1268 845 lapidibus
1300 791 1451 833 martio
1479 792 1630 832 rubore
1654 789 1730 830 tin-

303 889 388 931 uis.
429 888 491 930 Ad
519 899 675 942 pagum
712 882 747 925 V
744 881 907 926 idovacz
935 881 1180 934 sesquihorae
1207 881 1350 922 itincre
1381 883 1430 922 ab
1457 883 1559 921 urbe
1587 878 1735 920 distan-

302 987 389 1018 tem
412 990 532 1018 mons
557 974 615 1016 est
638 987 776 1027 marga
800 970 975 1025 argillosa
1000 970 1214 1020 constans,
1247 970 1354 1010 inter
1379 970 1489 1009 binas
1515 981 1537 1007 a
1560 968 1734 1020 septem-

303 1066 505 1107 trionibus
532 1064 571 1104 in
600 1063 814 1104 meridiem
848 1068 1066 1114 vergentes
1097 1057 1388 1112 angustiffimas
1421 1058 1541 1098 valles
1560 1058 1734 1100 medius.

303 1157 467 1197 Harum
497 1154 621 1194 altera
653 1150 779 1204 sparsa
807 1147 866 1189 est
898 1147 1093 1201 lapidibus
1125 1159 1147 1186 e
1171 1155 1317 1187 monte
1343 1145 1486 1187 delatis
1506 1175 1520 1196 ,
1551 1158 1738 1199 quorum

303 1245 444 1285 eadem
471 1242 530 1283 est
560 1253 655 1281 cum
676 1239 868 1293 lapidibus
897 1240 946 1278 ab
971 1237 1064 1292 igne
1093 1237 1359 1277 subterraneo
1384 1237 1529 1277 creatis
1558 1235 1740 1277 fimilitu-

303 1335 385 1385 do,
417 1344 617 1388 quosque
646 1329 799 1372 idcirco
826 1325 989 1376 Ferber,
1020 1327 1057 1368 &
1087 1325 1272 1367 nonnulli
1295 1324 1356 1366 alii
1384 1325 1430 1365 ad
1456 1323 1572 1366 lavas
1600 1325 1737 1365 confe⁶

305 1432 421 1465 tunt.
455 1418 576 1465 Maffa
600 1421 696 1461 sunt
723 1419 900 1474 argillosa
927 1417 968 1458 in
995 1417 1170 1470 lapidem
1196 1416 1341 1457 durata
1365 1415 1498 1464 fusca,
1530 1417 1739 1469 rubeaque

308 1514 556 1566 plerumque
576 1509 783 1563 particulis
806 1507 987 1548 calcareis
1017 1506 1099 1557 jam
1121 1506 1334 1556 rotundis,
1366 1506 1444 1554 jam
1471 1504 1622 1544 cubicis
1653 1518 1740 1545 can-

309 1600 543 1651 didiffimis‚
575 1599 664 1639 alias
683 1607 824 1639 autem
836 1593 1009 1648 scorillz's
1031 1595 1358 1650 frequentiffime
1385 1594 1578 1647 inspersa,
1611 1608 1741 1648 quarn

311 1673 397 1733 non
435 1703 527 1730 raro
567 1688 743 1729 stratum
773 1684 916 1743 quarzz'
947 1685 1144 1740 granulati
1178 1682 1415 1725 nitidiffimo
1454 1683 1593 1723 virore
1627 1682 1743 1725 timii

311 1794 446 1823 unum
468 1780 669 1834 digitum,
699 1786 774 1818 aut
793 1789 923 1817 unum
949 1774 1047 1815 curn‘
1071 1771 1224 1814 semiffe
1245 1771 1419 1813 crassum
1444 1773 1637 1814 medium¹
1652 1787 1746 1828 per-

311 1871 436 1912 vadit.
469 1872 571 1911 Saxo
599 1869 700 1918 illisi,
733 1875 805 1906 aut
836 1867 978 1906 malleo
1010 1862 1154 1917 pulsati
1181 1862 1220 1903 in
1245 1871 1380 1915 partes
1404 1861 1621 1916 dissiliunt,
1652 1877 1747 1919 qua-

313 1973 408 2001 rum
439 1960 581 2013 planus
612 1958 693 1997 fuit
724 1957 940 1996 contafi’cus
964 1984 976 2003 ‚
1009 1952 1238 1994 tenuiffima
1260 1985 1272 2004 ‚
1304 1952 1552 2006 candidaque
1577 1955 1747 1995 calcarea

313 2050 463 2090 lamella
483 2047 592 2087 inter
617 2054 815 2099 utrasque
835 2045 1089 2098 intercepta,
1121 2057 1238 2098 quae,
1269 2044 1372 2083 fitne
1400 2043 1447 2081 ab
1469 2054 1574 2095 aqua
1601 2043 1748 2085 fortui-

316 2140 369 2182 tis
392 2139 571 2193 lapidum
592 2135 705 2177 rimis
733 2135 859 2186 illata,
891 2149 940 2175 an
963 2135 1106 2188 potius
1137 2147 1159 2174 e
1181 2131 1362 2173 calcareis
1378 2161 1391 2179 ,
1422 2143 1524 2184 quas
1548 2133 1749 2183 diximus,

317 2229 526 2285 particulis
549 2227 700 2283 quovis
727 2227 818 2267 casu
845 2226 983 2267 solutis
1006 2223 1087 2278 ipsa
1118 2223 1159 2263 in
1184 2219 1301 2263 massa
1324 2230 1492 2273 coorta,
1525 2222 1749 2265 constitue-

1651 2326 1693 2353 re
