1916 2805
680 185 735 238 ΣΞ
852 175 1261 237 (110)ss

250 295 372 350 primi
395 308 419 336 e
440 297 559 349 plano
582 290 794 347 assurgunt
809 322 822 343 ,
854 285 990 331 subito
1012 288 1053 328 in
1078 287 1336 328 altitudinem
1358 286 1589 327 exaltentur
1603 317 1615 337 ,
1638 288 1678 329 in

251 380 404 426 receffu
420 382 567 423 deinde
592 381 718 436 magis
746 380 958 435 magisque
980 378 1249 427 inclinentur,
1280 376 1317 417 ἃ
1340 375 1552 429 postremo
1574 375 1682 416 facil-

250 472 334 514 limi
357 472 480 522 etiam
503 470 709 511 adscensus
734 468 938 514 evadant,
969 468 1135 521 qualem
1166 468 1231 507 vel
1257 466 1338 520 ipse
1376 463 1507 521 Papuk
1533 465 1680 517 ceteris

251 561 372 603 altior
400 561 439 601 se
464 558 635 615 praebuit
654 590 667 611 ,
705 566 980 613 praeterquam
1010 556 1051 596 in
1078 556 1188 610 apice
1209 585 1222 606 ,
1252 568 1379 610 quem
1408 555 1501 596 stitis
1535 568 1684 610 praeru-

253 659 379 704 ptum
410 649 652 703 impositum
673 648 810 688 habet.
841 649 950 700 Quae
981 646 1215 689 observatio
1238 645 1372 686 addita
1391 645 1437 685 ad
1456 658 1545 686 eam
1570 644 1685 685 nobi-

253 740 362 782 lioris
383 749 558 780 texturae
574 737 752 792 lapidum
777 737 1077 792 frequentiam,
1108 737 1146 778 δί
1170 749 1254 776 non
1284 736 1405 777 dubia
1425 738 1685 777 metallorum

255 829 396 870 indicia
416 841 520 882 pene
543 838 681 869 certos
698 823 774 869 no‘s
798 827 993 875 reddidit,
1023 836 1213 867 naturam
1236 826 1335 867 huic
1354 825 1577 880 provinciae
1600 838 1686 866 non

253 919 433 961 minores
459 918 619 960 divitias
649 919 723 958 sub
759 918 844 958 solo
868 913 1084 957 condidisse
1106 946 1119 966 ,
1163 929 1289 971 quam
1325 916 1366 958 in
1389 916 1553 957 summo
1585 916 1689 969 spar—

223 1008 227 1009 ’
256 1008 366 1049 serit.
400 1006 473 1059 (*)

449 1098 481 1137 E
504 1105 650 1137 monte
679 1093 815 1151 Papuk
827 1126 838 1145 ,
863 1095 1062 1150 quoniam
1082 1095 1212 1136 soiurn
1235 1091 1480 1148 praefervido
1502 1091 1593 1132 coeli
1613 1089 1690 1132 sta-

258 1198 309 1229 tu
331 1196 516 1237 aruerat,
547 1187 585 1227 &
605 1187 685 1236 jam
704 1198 832 1225 annus
856 1184 1076 1225 declinabat
1093 1216 1105 1235 ‚
1136 1184 1203 1237 spe
1231 1183 1436 1224 minorem
1460 1183 1693 1235 plantarum

259 1274 426 1317 messern
447 1274 680 1319 retulimus.
712 1277 757 1317 In
777 1275 913 1329 paucis
938 1274 1139 1315 nominari
1161 1282 1400 1321 merentur,
1425 1268 1604 1312 Sanicula
1628 1282 1695 1311 eu·

405 1438 472 1484 (³¹³)
501 1439 643 1473 Camerae
673 1439 858 1474 monetariae
885 1441 976 1476 ultra
998 1440 1151 1473 Dravam
1181 1449 1242 1482 jain
1277 1436 1479 1471 mentionem
1512 1436 1589 1471 facit
1618 1435 1695 1472 Bela

260 1504 317 1537 IV.
345 1502 378 1537 in
400 1501 581 1550 diplomate
604 1504 681 1537 anni
710 1507 811 1544 1256.
829 1506 933 1538 XVII.
952 1503 1092 1538 Kalend.
1117 1502 1292 1537 Januarias.
1328 1499 1433 1534 Fuiffe
1452 1500 1536 1543 hanc
1561 1500 1594 1533 in
1620 1513 1699 1547 pro-

265 1568 375 1602 vincia
396 1565 583 1607 Sirmiensi,
607 1567 738 1600 videtur
766 1566 850 1600 effici
880 1579 918 1600 ex
945 1566 1048 1601 literis
1079 1564 1188 1600 Caroli
1217 1563 1374 1605 Robeni,
1399 1563 1454 1610 qui
1483 1576 1570 1597 anno
1594 1574 1698 1608 1342.

263 1633 435 1666 Cameram
463 1629 677 1663 monetariam
706 1630 942 1676 Sirmienfim,
970 1642 1034 1664 una
1055 1642 1129 1663 cum
1161 1626 1561 1676 Quinque-Ecclefienfi‚
1591 1627 1700 1675 Magi-

266 1693 328 1728 ssro
352 1693 541 1740 Clzenpelini
564 1694 741 1728 curandam
766 1694 876 1728 dedit:
908 1694 986 1727 item
1013 1705 1050 1726 ex
1078 1691 1267 1738 Diplomate
1293 1691 1457 1726 Ludovici
1482 1692 1508 1724 1.
1534 1691 1588 1738 qui
1611 1704 1697 1725 anno

276 1762 378 1806 1346.
408 1760 549 1793 Camerae
580 1758 763 1794 monetariae
789 1757 980 1803 Sirmiensis
1008 1755 1322 1790 administrationem
1353 1753 1513 1801 Magistro
1548 1756 1633 1789 dieo
1663 1757 1701 1791 de

269 1823 432 1868 Szatma'r
459 1822 631 1858 commisit.
655 1825 690 1855 In
712 1822 773 1855 hac
799 1821 884 1855 forte
907 1819 972 1855 cusi
993 1821 1063 1854 sunt
1084 1819 1232 1861 nummi,
1259 1819 1403 1852 Barzales
1432 1818 1530 1862 dieii,
1556 1831 1703 1866 quorum

270 1886 303 1920 in
328 1886 531 1921 Collefflone
557 1886 698 1921 Decimae
718 1885 910 1927 Pontificiae‚
942 1897 1040 1932 quam
1067 1885 1138 1918 RR.
1154 1885 1197 1916 D.
1218 1882 1279 1916 Jos.
1305 1883 1423 1917 Koller
1447 1885 1557 1918 Tomo
1577 1886 1617 1919 ΙΙ.
1642 1884 1698 1919 Ηῐ-

269 1949 371 1985 storiae
400 1949 610 1996 Episcopatus
637 1949 821 1995 Quinque·
841 1946 1042 1983 Eccleliensis
1073 1945 1244 1993 vulgavit,
1271 1946 1468 1982 creberrima
1499 1949 1625 1983 mentio
1645 1963 1701 1984 oc-

267 2014 389 2057 currit,
418 2018 448 2048 &
471 2013 589 2061 quibus
610 2012 826 2059 utplurimum
847 2013 880 2047 in
903 2010 1077 2050 Sclavonia
1099 2010 1282 2044 utebantur.
1310 2012 1385 2044 Haec
1403 2011 1529 2046 indicio
1551 2013 1612 2047 elie
1631 2015 1704 2060 pos.

271 2080 364 2121 sunt,
391 2078 474 2112 inter
501 2078 660 2113 Dravum
691 2079 721 2110 δι
751 2078 900 2119 Savum,
936 2075 1022 2111 haud
1053 2074 1218 2124 longe-ab
1246 2072 1416 2108 Sirmiensi
1442 2087 1547 2123 agro,
1573 2078 1701 2112 fodinas

270 2142 402 2191 argenti
422 2140 501 2175 olim
522 2139 671 2174 exstitisse
697 2140 767 2175 satis
793 2140 926 2175 feraces.
948 2161 963 2169 -
986 2159 1002 2168 -
1022 2161 1037 2170 ·
1065 2138 1302 2173 Adnotationes
1322 2139 1378 2172 has
1414 2139 1583 2175 nobiscum
1606 2155 1704 2177 com-

273 2205 457 2242 municavit
482 2203 568 2239 Clar.
598 2208 628 2239 ὅ(
657 2205 775 2242 Celeb:
795 2206 917 2252 Georg.
942 2206 1052 2252 Pray,
1084 2203 1138 2238 cui
1164 2212 1335 2249 eapropter
1364 2216 1424 2238 nos
1448 2216 1556 2252 grates
1582 2206 1702 2242 habere

269 2271 475 2320 profitemur.

1492 2359 1625 2408 ropcecz
1632 2383 1648 2404 ,
