1916 2805
717 158 772 213 281
888 155 1098 210 (76)
1206 154 1260 209 Ξὲ

454 272 532 315 Sed
555 271 637 321 jam
663 264 999 320 quotidianarum
1021 265 1062 307 in
1091 265 1179 320 ipso
1201 276 1307 319 pene
1337 264 1449 306 urbis
1475 263 1697 318 conspe-stu

265 364 583 420 procurfionum
617 356 814 405 taedebat,
846 353 964 408 quod
996 355 1101 394 nulla
1129 353 1294 395 novitas
1316 353 1507 394 alliceret.
1550 354 1701 406 Eapro·

265 464 360 509 pter
385 454 435 492 V.
469 449 562 490 Idus
587 447 665 498 Jul.
706 443 870 486 Velikam
893 457 943 484 ex
963 444 1134 485 adverso
1159 442 1319 497 Posegae
1351 444 1476 484 litum
1498 440 1700 496 oppidum

266 539 551 586 conceffimus.
584 538 646 577 Eo
670 535 735 576 via
759 534 818 575 est
841 548 915 587 per
943 531 1195 585 Mitrovitz,
1224 533 1294 574 ubi
1317 532 1424 573 diem
1452 530 1619 572 meridie
1644 531 1700 571 di·

267 634 460 678 visimus,
496 629 535 669 in
558 627 640 668 aede
674 625 879 667 dominica
902 639 923 665 a
948 623 1144 678 supremo
1172 624 1314 677 amplae
1341 621 1440 663 huic
1469 619 1702 676 poffeffioni

218 774 221 778 ,
267 723 460 780 praefecto
493 717 707 760 liberaliter
741 715 912 770 accepti.
960 713 1033 754 Vir
1056 713 1125 753 hic
1157 725 1241 752 non
1268 712 1513 753 rusticarum
1538 712 1698 762 solum,

268 816 334 857 sed
371 810 597 853 liberalium
633 805 871 861 quatumvis
913 803 1067 844 artium
1099 802 1287 844 curiosus
1322 815 1469 856 paucas
1503 802 1702 857 quasdam

272 910 457 947 monetas
491 897 598 952 apud
634 897 673 936 se
706 896 867 944 servat,
907 906 1027 947 quae,
1059 905 1156 933 cum
1191 892 1381 932 novitate
1410 892 1451 932 se
1481 895 1701 932 non'com-

269 992 467 1038 mendent
483 1020 494 1039 ,
526 1000 578 1027 eo
600 985 787 1037 pretiosae
812 984 935 1042 sunt,
967 981 1083 1034 quod
1112 980 1151 1020 in
1180 975 1477 1033 Terstjanovczz‘
1501 978 1705 1034 possessio·

272 1083 333 1124 nis
354 1077 567 1121 Velicenlis
589 1072 684 1114 vico
708 1075 785 1114 lint
805 1079 991 1125 repertae.
1026 1070 1091 1109 Eae
1115 1068 1210 1108 sunt
1234 1069 1433 1109 Antonini
1451 1100 1462 1116 ‚
1484 1068 1705 1117 Gordiani,

274 1166 507 1215 Maximiani
525 1193 538 1212 ‚
567 1161 837 1211 Diocletiani,
869 1162 906 1202 &
929 1158 1131 1200 Valentini
1151 1171 1294 1206 aeneae5
1325 1158 1485 1200 Lucillae
1503 1171 1607 1199 vero
1624 1160 1709 1201 Au-

273 1260 424 1318 gustae‚
456 1257 493 1298 &
516 1255 668 1297 Nervae
690 1250 883 1306 argentei.
913 1251 961 1290 In
987 1249 1120 1289 horto
1143 1249 1192 1289 ad
1217 1249 1351 1290 villam
1375 1250 1526 1301 adfito,
1557 1249 1623 1290 cui
1646 1248 1706 1289 di-

274 1359 431 1391 uturna
461 1342 619 1386 domini
650 1340 828 1382 absentia
863 1348 1013 1393 praeter
1045 1338 1204 1378 densam
1229 1340 1427 1379 arborum
1453 1338 1494 1379 in
1520 1339 1706 1379 ordinem

274 1441 531 1482 constratum
555 1433 743 1474 umbram
775 1442 943 1470 omnem
973 1429 1134 1468 cultum
1167 1427 1369 1475 abstersit,
1407 1440 1500 1482 apes
1538 1441 1709 1482 operan-

275 1539 350 1572 tur
376 1528 491 1568 mella
520 1521 640 1563 alveis
672 1518 764 1559 rudi
793 1529 919 1571 opere
951 1516 1111 1559 strustis
1139 1516 1376 1557 inferentes.
1408 1516 1478 1559 Est
1507 1517 1633 1559 etiam
1657 1517 1709 1558 ibi

276 1618 440 1661 aedicula
462 1610 647 1656 siccandis
673 1608 804 1660 pomis
834 1616 997 1661 aptata,
1028 1607 1068 1647 in
1100 1605 1405 1647 fimilitudinem
1437 1605 1570 1647 scrinii
1599 1621 1710 1649 com-

279 1709 412 1763 posita
434 1698 562 1756 (Tab.
583 1702 639 1742 X.
662 1696 747 1752 Fig.
771 1696 830 1751 1.)
855 1706 983 1749 atque
1004 1696 1044 1736 in
1069 1696 1370 1750 longitudinem
1390 1696 1558 1750 potiuS‚
1582 1711 1711 1752 quarn

276 1794 539 1840 latitudinem
565 1789 804 1845 procedens.
847 1790 934 1829 lma
960 1786 1048 1836 ejus
1075 1800 1169 1839 pars
1199 1798 1221 1826 e
1251 1786 1403 1840 lapide,
1436 1787 1475 1827 &
1505 1788 1713 1830 caementis

279 1888 455 1929 formata
476 1882 650 1922 furnum
673 1879 863 1919 continet
885 1888 1056 1918 camerae
1081 1873 1269 1929 depress‘ae
1297 1876 1431 1918 forma
1447 1907 1458 1927 ,
1489 1877 1607 1929 cujus
1627 1878 1715 1919 alti·

282 1975 388 2016 tudo
409 1972 553 2026 exigua
575 1968 658 2018 est,
690 1968 909 2024 longitudo
933 1980 1036 2008 vero
1060 1966 1267 2008 latitudini
1288 1966 1380 2008 oedis
1405 1980 1509 2021 pene
1529 1969 1714 2023 aequal133

270 2062 467 2119 =superior
499 2059 733 2110 materiata,
774 2058 816 2098 in
851 2059 988 2111 plures
1020 2058 1136 2098 velut
1164 2056 1499 2112 contignationes
1532 2058 1712 2101 cratibus

280 2152 434 2195 vimine
458 2150 581 2191 textis
602 2149 924 2199 discriminatur,
957 2147 1017 2188 sed
1039 2147 1119 2200 ita,
1150 2156 1200 2187 ut
1222 2148 1399 2188 tabulata
1419 2147 1567 2202 singula
1581 2178 1594 2199 ‚
1615 2160 1714 2188 cum

281 2241 466 2294 libuerit,
497 2239 604 2282 exire
624 2271 636 2292 ‚
675 2239 713 2280 δι
739 2238 905 2279 rursum
936 2237 1092 2279 intrare
1116 2234 1283 2291 poffint.
1328 2237 1376 2277 In
1401 2235 1466 2278 his
1495 2235 1714 2291 postquam

1530 2341 1658 2383 poma
