1916 2805
656 197 710 251 *τε
806 194 1045 253 (¹09)
1141 197 1199 252 ΔΞ»

215 316 323 346 mus.
354 306 542 349 Pofitum
572 302 633 346 est
661 302 898 349 Straxeman
939 306 981 349 in
1016 307 1198 362 oblongo
1225 305 1396 348 modicae
1426 303 1650 347 altitudinis

213 393 323 435 clivo
345 395 394 435 ad
413 406 580 439 montes
603 396 765 452 Posegae
785 397 976 439 adversos
998 397 1217 448 acclinato,
1251 410 1336 439 non
1357 410 1509 452 magno
1532 410 1554 436 a
1581 393 1652 436 Ve-

213 476 294 521 lika
316 482 546 528 intervallo.
578 489 679 542 Quo
705 487 842 528 minus
874 486 1027 528 mirum
1046 517 1058 537 ‚
1091 487 1275 528 eamdem
1302 487 1531 541 utrobique
1553 485 1647 540 lapi-

212 568 314 611 dum
338 572 640 617 fimilitudinem
665 590 688 616 a
715 575 833 618 nobis
855 585 1062 630 repertam
1091 573 1220 617 fuiffe.
1253 576 1360 617 Colli
1385 575 1566 627 subjacet
1586 574 1648 616 vi·

211 671 284 699 cus
311 655 618 716 Biskupovacz,
650 663 694 704 in
717 676 807 717 quo
829 676 993 704 novum
1016 664 1190 706 domino
1218 665 1387 706 surrexit
1404 665 1649 718 aedificium,

212 746 465 800 spatiosum,
494 749 534 790 &
552 751 848 802 commodum,
868 763 944 792 nec
969 760 1057 793 tam
1080 752 1292 806 superfluo
1312 762 1464 794 ornatu
1478 784 1491 804 ,
1519 766 1647 807 quam

207 836 405 877 cubilium
430 840 469 881 &
497 851 707 891 numero,
739 840 781 882 &
811 849 906 894 apta
941 840 1230 883 distributione
1260 842 1645 883 commendandum.

208 925 399 969 Poffeffio
417 929 496 982 ipsa
518 930 604 971 fere
624 937 824 971 montana
842 928 902 970 est
915 943 929 977 3
964 931 1298 986 terminaturque
1330 931 1648 985 septemtriones

207 1017 342 1069 inter,
373 1019 411 1061 ὅτ
435 1020 693 1061 occidentem
717 1028 863 1061 monte
892 1016 1046 1075 Papuk,
1075 1021 1210 1062 totius
1238 1022 1461 1075 provinciae
1493 1020 1648 1064 celfiffi-

207 1121 308 1159 mo,
338 1109 379 1150 in
415 1110 528 1160 cujus
552 1110 709 1164 apicem
738 1109 840 1151 eniti
862 1111 943 1162 jam
965 1109 1124 1151 dudum
1146 1110 1305 1153 animus
1333 1112 1451 1154 nobis
1479 1113 1576 1154 fuit.

397 1201 468 1241 VI.
499 1199 627 1255 igitur
649 1201 813 1242 Kalend.
843 1198 1022 1254 Augusti
1052 1213 1128 1254 per
1151 1214 1267 1242 cavas
1296 1204 1414 1244 valles
1436 1216 1563 1244 curru
1591 1203 1648 1245 in-

207 1291 340 1342 vesu,
377 1305 476 1333 cum
509 1292 590 1343 jam
625 1290 673 1331 ad
699 1290 832 1332 imum
866 1290 1023 1332 montis
1059 1289 1416 1345 pervenissemus,
1449 1294 1490 1334 in
1519 1294 1645 1348 pedes

205 1393 282 1421 nos
306 1380 514 1430 dedimus,
545 1379 654 1420 diem
679 1380 928 1428 scandendo,
952 1380 1199 1435 rursumque
1224 1381 1502 1426 descendendo
1519 1394 1648 1427 trans-
1706 1404 1710 1406 >

204 1468 344 1511 affilri.
377 1469 455 1510 Sed
484 1481 536 1508 ne
566 1468 674 1509 solus
703 1481 825 1509 mons
853 1466 985 1524 Papuk
1009 1471 1196 1512 intentos
1227 1484 1303 1513 nos
1332 1474 1527 1526 haberet,
1557 1477 1648 1517 lon-

203 1560 364 1616 giorem
377 1588 391 1607 ‚
405 1556 760 1612 difficilioremque
780 1570 856 1612 per
874 1559 1005 1600 varias
1027 1560 1192 1601 vallium
1213 1560 1415 1616 angustias
1439 1563 1552 1606 viam
1571 1566 1648 1606 ele-

203 1622 342 1706 gimus
360 1681 372 1701 ,
416 1661 532 1689 curas
563 1648 673 1689 inter
703 1648 886 1691 minores
916 1663 1095 1705 quoque
1126 1650 1177 1691 illi
1201 1650 1427 1706 adstantes,
1458 1653 1498 1696 ἔτ
1530 1657 1647 1697 velut

203 1736 463 1795 pediffequos
499 1747 665 1779 montes
697 1739 906 1792 partituri.
949 1741 1034 1782 Eos
1067 1741 1140 1782 sub
1165 1742 1459 1798 integumento
1480 1745 1645 1787 calcarei

202 1829 341 1882 lapidis
368 1827 463 1869 alios
504 1827 724 1870 nobiliores
757 1829 901 1870 fovere
933 1833 1066 1874 nullus
1090 1833 1301 1875 dubitandi
1337 1834 1453 1875 locus
1481 1834 1647 1877 renerus

203 1919 263 1961 est
285 1951 298 1971 ,
329 1918 593 1973 posteaquam
623 1931 793 1961 omnem
832 1933 940 1972 pene
964 1923 1128 1965 vallium
1157 1924 1332 1964 modum
1358 1937 1515 1979 quarzo
1546 1942 1644 1969 con-

201 2009 379 2052 stratum
406 2008 586 2050 vidimus
599 2022 612 2056 3
643 2009 759 2063 quod
785 2009 923 2064 lapidis
944 2025 1074 2067 genus
1097 2013 1140 2055 in
1164 2014 1251 2067 ipso
1272 2012 1396 2054 etiam
1418 2011 1549 2069 Papuk
1569 2018 1641 2058 cal-

203 2101 327 2144 careis
350 2100 616 2155 fragmentis,
648 2099 715 2139 sed
740 2099 868 2141 rarius
888 2099 1178 2143 intermixtum
1198 2103 1444 2157 reperimus.

375 2191 477 2232 Non
499 2189 577 2230 erit
599 2187 766 2241 inutile,
789 2189 859 2231 hic
881 2190 1002 2232 semel
1022 2187 1179 2243 dixisse,
1201 2205 1500 2249 quoscumque
1522 2209 1641 2240 mon-

204 2291 266 2325 tes
291 2281 332 2323 in
356 2278 574 2322 Provincia
594 2279 824 2334 adivimus,
854 2294 926 2322 eos
948 2281 1005 2324 ita
1032 2293 1294 2337 comparatos
1317 2282 1421 2337 effe,
1454 2295 1503 2328 ut
1520 2318 1534 2339 ,
1564 2286 1640 2342 qui

869 2373 909 2412 O
944 2384 963 2421 3
1458 2376 1581 2431 primi
