1916 2805
706 159 762 214 23<
878 154 1121 210 (1¹⁶)
1238 156 1294 211 ΣΞ

268 275 367 317 bulo
396 271 540 322 Slava,
570 268 689 319 cujus
712 265 772 308 est
795 263 936 322 glorioe
957 264 1226 321 significatio,
1252 263 1411 307 traxisse
1437 267 1605 321 quidam
1622 271 1702 313 exi-

268 364 457 412 stimant,
489 366 720 414 perpetua,
751 356 793 398 &
819 357 933 410 quast
967 355 1133 410 propria
1168 355 1283 412 genti
1316 368 1528 398 armorum
1562 357 1705 412 gloria.

270 454 348 496 Sed
371 454 420 493 de
441 451 599 507 gentis,
631 460 768 505 neque
794 446 1049 502 originibus,
1080 458 1219 500 neque
1248 445 1486 487 nominibus
1511 445 1707 501 disceptau

269 544 333 587 tio
361 542 479 583 nobis
503 539 577 583 est.
616 538 716 581 Illud
742 546 884 581 tamen
908 536 1116 591 praeterire
1138 550 1223 578 non
1248 531 1488 590 poisatum,
1510 547 1581 576 eos
1597 566 1609 587 ,
1633 534 1708 589 qui

269 632 526 689 superiorem
555 628 778 685 provinciae
813 627 991 670 traaum
1021 641 1044 670 a
1077 623 1252 669 Pakracz
1285 638 1422 680 usque
1451 626 1499 668 ad
1529 625 1707 668 fluvium

270 723 426 771 Illovam
462 720 694 766 inhabitant
715 752 729 772 ‚
788 715 976 761 Valacbos
1009 715 1224 774 adpellari,
1273 725 1450 771 propter
1481 717 1598 772 quod
1632 729 1708 758 eos

273 816 423 858 Confil.
450 809 584 856 Taube
605 823 627 851 e
647 807 835 850 Valachia
866 820 917 848 eo
946 804 1189 862 immigrasse
1221 815 1425 852 autumat.
1457 807 1535 850 Sed
1564 807 1602 849 id
1632 818 1706 849 no⁴

269 905 330 948 bis
351 916 436 945 non
461 903 591 957 placet
604 914 617 947 ;
646 899 759 954 quod
781 911 867 939 non
894 899 943 938 fit
970 897 1157 938 credibile
1177 897 1280 939 adeo
1306 896 1443 939 omnia
1463 896 1606 950 primae
1628 897 1709 939 ori-

272 993 380 1049 ginis
411 994 493 1041 five
526 990 677 1030 decora
698 1018 711 1039 ‚
754 987 836 1027 five
874 984 976 1027 vitia
1013 987 1078 1029 vel
1107 983 1324 1043 longiffimi
1348 984 1550 1037 temporis
1580 985 1712 1026 transtu

273 1080 482 1126 obliterari
507 1073 681 1134 potuisse
695 1107 707 1127 ,
738 1084 790 1119 ut
813 1073 913 1116 nihil
936 1086 1086 1113 eorum
1108 1073 1302 1128 superfit,
1334 1074 1474 1124 nullo,
1506 1086 1558 1116 ne
1579 1074 1619 1115 in
1641 1075 1714 1118 lin-

273 1188 357 1231 gua
387 1170 587 1228 quidem,
630 1165 750 1215 cujus
782 1161 1002 1210 tardissima
1027 1160 1186 1215 semper
1218 1159 1277 1205 est
1307 1161 1461 1204 oblivio
1485 1193 1499 1213 ,
1540 1161 1715 1219 vestigio

274 1260 508 1318 superstite.
540 1253 701 1297 Reffius
733 1252 887 1296 idcirco
918 1251 1036 1294 nobis
1062 1250 1218 1304 opinari
1242 1251 1465 1300 videntur,
1494 1263 1569 1307 qul
1590 1264 1663 1293 eos
1691 1265 1714 1294 e

273 1352 421 1399 Bosnia
447 1343 681 1392 Morlachiae
714 1342 931 1384 maritimae
947 1374 961 1394 ‚
1000 1341 1070 1386 seu,
1097 1341 1144 1382 ad
1168 1354 1279 1381 mare
1301 1341 1560 1382 Adriaticum
1591 1343 1715 1385 adlita

275 1443 517 1491 accersunt,
549 1433 793 1489 suffragante
819 1433 864 1474 iis
893 1432 930 1474 ὅτ
956 1432 1142 1486 populari
1164 1431 1385 1485 opinione,
1411 1432 1449 1473 ἃ
1467 1432 1715 1484 quibusdam

275 1532 431 1577 veteris
456 1526 611 1576 moris,
644 1537 691 1565 ac
720 1522 925 1576 praecipue
955 1521 1132 1566 vestitus
1164 1520 1370 1561 muliebris
1396 1520 1436 1561 in
1462 1523 1622 1574 populo
1654 1535 1716 1563 re-

275 1622 410 1678 liquiis
424 1652 438 1673 ,
468 1629 543 1658 nec
565 1612 824 1657 diffentiente
846 1611 1038 1658 nomine3
1068 1624 1166 1652 curn
1190 1609 1404 1652 verifimile
1426 1611 1501 1663 fit,
1523 1625 1617 1664 eos,
1641 1614 1716 1667 qui

274 1717 324 1757 ab
346 1712 428 1754 oris
457 1707 576 1752 maris
602 1705 643 1746 in
671 1705 744 1750 has
773 1712 902 1744 terras
934 1700 1247 1755 immigrarunt,
1279 1711 1301 1739 e
1333 1702 1468 1742 veteri
1493 1699 1718 1745 Morlacho-

275 1815 361 1849 rum
387 1796 735 1854 compellatione,
763 1792 879 1847 quod
902 1804 924 1832 e
950 1801 1079 1841 more,
1110 1789 1149 1830 &
1177 1785 1206 1828 V
1208 1785 1291 1840 lab,
1322 1802 1509 1842 quorum
1532 1794 1615 1835 hoc
1629 1792 1720 1848 for.

278 1904 380 1947 tem,
412 1891 508 1935 illud
535 1898 643 1929 mare
672 1885 892 1941 fignificat,
923 1882 1110 1927 coalescit
1127 1912 1139 1933 ,
1171 1880 1281 1935 quasi
1300 1880 1530 1924 maritimum
1545 1882 1719 1937 fortem,

279 1986 345 2028 vel
379 1978 476 2023 mari
503 1977 657 2033 fortem
684 1975 838 2016 diceres
861 2005 874 2025 ‚
919 1973 1066 2024 reieffli
1097 1974 1228 2028 prima
1259 1972 1570 2026 compofitionis
1599 1982 1718 2027 parte

279 2084 384 2116 more
414 2068 667 2125 postremam
696 2062 931 2117 retinuisse,
961 2060 1216 2118 voluiss'eque
1246 2064 1434 2115 deinceps
1451 2060 1615 2115 fortes,
1647 2064 1720 2105 seu

287 2160 378 2206 Vlah
408 2156 670 2214 compellari,
702 2168 930 2211 erroreque
951 2168 974 2197 e
1001 2154 1301 2200 vocabulorum
1329 2150 1587 2193 fimilitudine
1619 2163 1720 2197 orto

1588 2255 1660 2285 COS
