1916 2805
728 159 782 209 ἐξ
898 154 1106 210 (74)
1224 155 1279 210 ἃς

293 271 335 312 in
359 267 601 323 tempestate
630 265 767 319 pluvia
795 296 808 317 ‚
839 264 1153 318 colliquescente
1181 265 1223 305 in
1253 262 1364 318 aquis
1393 264 1481 315 ejus
1512 266 1723 322 pinguitu-

289 361 381 402 dine
405 369 529 399 omne
555 356 713 396 circum
734 354 861 394 solum
886 353 1145 403 candescere,
1176 354 1214 396 ὅτ
1238 354 1423 407 spumare
1448 353 1650 396 videatur:
1676 358 1724 397 In

285 453 410 492 latere
433 446 616 498 ejusdem
638 444 746 485 collis
761 473 773 494 ,
805 456 889 498 qua
909 444 1059 485 imbres
1083 445 1246 484 alveum
1266 452 1540 496 excavarunt,
1572 452 1725 492 terram

285 539 506 595 argillosam
531 534 714 590 plurimis
738 535 825 585 ejus
851 542 1007 574 naturae
1027 532 1227 588 globulis,
1259 533 1397 587 quales
1424 533 1466 574 in
1491 530 1725 576 Eminovacz

284 631 324 672 se
350 629 492 685 argillae
520 626 742 673 miscuere,
774 624 947 678 sparsam
974 623 1221 677 reperimus.
1256 623 1315 663 Ad
1341 637 1495 680 pagum
1525 625 1725 676 reduces,

285 734 378 762 cum
403 719 443 760 in
474 719 626 759 chorte
656 712 797 755 rustici
831 713 1030 767 paulisper
1063 711 1406 764 consedissemus,
1450 714 1488 756 &
1511 714 1592 765 jam
1623 716 1726 756 redi·

284 819 382 852 tum
407 809 447 849 in
474 807 618 848 urbem
646 816 880 858 pararemus
896 835 907 854 ‚
940 805 1068 846 amice
1099 804 1312 845 nobiscum
1336 801 1507 844 rusticus
1531 802 1723 857 expostu-

285 902 390 951 lare,
422 897 533 952 quod
559 908 637 949 pro
662 895 800 945 tecito,
833 896 1072 948 pabuloque
1095 894 1213 947 equis
1235 889 1424 933 concesso
1449 905 1498 933 ne
1523 906 1610 933 eam
1635 895 1726 948 qui-

284 990 379 1029 dem
404 985 578 1041 gratiam
599 984 864 1024 redderemus
879 1014 890 1034 ,
918 991 967 1023 ut
986 982 1025 1021 se
1047 981 1219 1034 proprio
1243 980 1281 1020 in
1309 981 1428 1021 cubili
1447 982 1722 1024 salutaremus.

284 1082 414 1132 AEqua
445 1075 562 1116 nobis
593 1073 674 1115 visa
705 1074 993 1126 reprehensio:
1035 1069 1267 1123 surgimus,
1312 1069 1585 1124 ingredimur:
1624 1085 1723 1114 cum

284 1179 381 1207 ecce
404 1165 586 1206 mensam
613 1161 803 1211 stratam,
837 1160 969 1200 sedilia
998 1160 1185 1214 dispofita
1203 1188 1216 1209 ,
1247 1159 1359 1200 cibos
1392 1158 1473 1209 jam
1510 1159 1640 1200 illatos
1662 1174 1724 1201 re-

281 1257 478 1311 perimus.
511 1255 783 1305 Quamquam
809 1250 1052 1291 manducare
1073 1263 1158 1290 non
1177 1248 1321 1296 libuit,
1351 1249 1535 1303 fingulari
1560 1259 1722 1303 tamen,

279 1348 318 1390 ἃ
342 1343 602 1399 ἰηεκρεὲὶαῑεε
625 1340 704 1381 viri
728 1337 983 1381 humanitati
1015 1341 1197 1382 tribuere
1218 1338 1457 1389 debuimus,
1483 1348 1533 1379 ut
1556 1353 1719 1381 accum—

278 1439 487 1479 heremus.
517 1433 616 1472 Erat
635 1431 718 1471 dies
747 1427 968 1479 sabbathi,
1001 1428 1356 1477 lautitiisnullibi‚
1387 1421 1540 1470 nedum
1563 1430 1603 1470 in
1634 1432 1718 1472 casa

277 1525 426 1568 rustica
455 1531 606 1577 aptus3
653 1520 692 1562 ἅ*
717 1528 834 1559 erant
857 1527 997 1559 tamen
1029 1527 1112 1560 tres
1137 1518 1215 1560 cibi
1244 1519 1443 1572 appositi3
1474 1534 1717 1563 cucumeres

279 1617 321 1657 in
341 1614 510 1656 lamellas
535 1611 653 1662 secti,
686 1614 816 1664 atque
841 1608 1010 1663 pipere,
1041 1609 1077 1650 ὅτ
1101 1617 1222 1650 aceto
1250 1608 1406 1650 conditi
1416 1623 1428 1655 3
1461 1609 1574 1662 piscis
1596 1610 1718 1652 fumo

277 1703 444 1746 suffitus
472 1699 636 1743 modico
662 1709 760 1739 cum
781 1698 898 1749 jure3
928 1698 966 1739 &
992 1697 1202 1751 quoddam
1223 1698 1428 1751 pulmenti
1449 1711 1580 1753 genus
1600 1700 1715 1754 genti

279 1794 523 1849 proprium,
555 1791 671 1844 quod
700 1786 917 1830 sz'czvara
943 1788 1161 1841 adpellant.
1205 1786 1608 1841 Hocdpostremum,
1636 1791 1717 1830 vel-

279 1894 328 1925 ut
355 1896 542 1930 novum,
581 1879 754 1934 experiri
780 1879 958 1934 placuit:
997 1889 1183 1931 cumque
1214 1876 1430 1934 degustare
1459 1879 1591 1921 solum
1620 1894 1717 1923 con·

281 1969 546 2013 stituiffemus
567 2001 579 2021 ,
621 1969 703 2018 jam
738 1968 862 2009 etiam
899 1980 1005 2022 pene
1040 1976 1186 2009 toturn
1224 1981 1246 2009 e
1280 1968 1415 2022 patina
1446 1972 1714 2020 exterfimus3

275 2063 379 2104 adeo
399 2059 520 2116 gustu
541 2059 773 2110 jucundum
796 2059 931 2101 visum
952 2058 1023 2099 est.
1054 2059 1150 2109 Ejus
1167 2060 1254 2100 haec
1271 2058 1330 2100 est
1350 2060 1574 2102 confeffio:
1599 2075 1713 2117 quar-

275 2161 328 2193 tae
350 2150 455 2203 parti
477 2148 662 2190 canthari
691 2148 840 2201 optimi
861 2162 883 2189 e
907 2148 1003 2190 lac'oe
1025 2149 1221 2191 crcmoris
1246 2150 1415 2192 trastam
1436 2149 1571 2191 farinae
1590 2164 1612 2192 e
1634 2152 1712 2193 Zea

276 2254 392 2298 mays
423 2240 583 2281 extritae
615 2252 740 2280 unam
769 2238 988 2282 admiscent
1006 2270 1018 2289 ‚
1049 2240 1296 2294 servantque
1327 2241 1404 2281 leni
1439 2241 1561 2295 super
1588 2241 1710 2297 igne3
1755 2241 1758 2243 ’

1552 2345 1648 2373 cum
