1916 2805
670 160 727 217 Σεὲ
822 161 839 216 (
898 173 953 215 75
1016 161 1039 219 )
1135 160 1191 217 ΣΞ

229 279 329 312 cum
352 272 497 314 deinde
522 273 613 314 satis
646 273 686 315 in
717 273 760 315 se·
780 271 978 315 concocsta
1010 273 1233 324 videntur,
1265 280 1504 329 recentem,
1537 280 1668 320 trium

229 362 509 405 cochlearium
533 364 723 405 mensura
737 395 750 415 ‚
774 363 934 404 caseum
950 393 962 414 ‚
987 362 1025 404 &
1047 364 1140 406 bina
1162 378 1243 406 ova
1264 364 1443 415 addunt,
1468 380 1544 408 nec
1564 368 1667 409 mul-

229 460 279 493 to
302 451 395 505 post
417 453 642 495 mixturam
661 454 708 494 ad
731 453 868 494 cibum
890 462 1070 507 paratam
1088 455 1254 497 habent.
1287 458 1399 497 Cum
1422 455 1532 498 inter
1547 457 1666 498 eden·

230 542 329 584 dum
354 544 561 584 sermones
594 544 843 593 miscentur,
873 544 1037 597 profert
1061 543 1237 585 rusticus
1266 546 1436 599 lapidem
1459 547 1501 588 in
1527 545 1667 588 vicino

227 641 465 685 repertum:
489 633 692 689 gypsum,
719 632 834 685 quod
852 629 1018 685 glaciem
1039 629 1187 672 Maria:
1209 643 1384 683 vocant,
1407 645 1506 678 erat.
1542 640 1668 688 Quae·

225 721 381 770 rimus,
413 722 586 776 longene
612 717 760 761 abesset
789 721 931 767 loom,
963 732 1053 772 quo
1076 730 1264 773 repertus
1291 722 1382 763 est?
1414 739 1518 777 pene
1545 725 1663 775 juxta

224 808 406 862 pomaria
433 809 606 850 adlitum
631 806 708 849 effe
732 808 910 862 reponit.
943 809 1158 864 Surgimus
1190 810 1322 862 illico,
1354 813 1402 853 ad
1432 815 1571 855 locum
1601 817 1666 857 ad-

225 887 463 949 currifiim,
505 899 588 940 fodi
624 910 853 944 curamus;
902 911 1001 939 cum
1032 912 1126 939 ecce
1160 900 1199 940 in
1237 897 1323 954 ipso
1353 904 1665 957 propemodum

224 986 389 1028 summo
411 990 603 1030 solofnon
633 1002 754 1043 pauca
777 987 940 1029 solitarii
962 991 1076 1042 gypli
1095 1021 1105 1037 ‚
1136 1004 1401 1047 nequaquam
1427 995 1537 1036 rudis
1555 1027 1566 1046 ,
1598 995 1664 1037 sed

223 1079 406 1135 glaciati,
440 1079 624 1131 illustris,
657 1080 930 1134 plurimisque
950 1080 1048 1120 loeis
1080 1080 1251 1122 minutis
1278 1083 1469 1137 crystallis
1493 1085 1671 1139 adspersi·

223 1168 351 1210 frusta
375 1171 570 1222 rhombi,
603 1170 749 1211 cubive
774 1170 928 1225 figura,
961 1169 1053 1222 post
1078 1173 1266 1225 quemvis
1293 1174 1378 1214 fere
1397 1174 1522 1216 ielum
1547 1175 1669 1217 moli-⁷

223 1260 331 1301 entis
362 1261 513 1302 ferrum
544 1274 644 1323 e-um
669 1270 778 1301 terra
806 1260 1076 1314 sequuntur3
1105 1273 1232 1314 quam
1256 1277 1346 1304 rem
1371 1264 1533 1317 operis,
1566 1274 1665 1307 cum

221 1351 351 1392 vineae
374 1349 614 1391 foslionibus
638 1350 988 1404 frequentantur,
1021 1361 1230 1404 perpetuo
1253 1354 1420 1395 evenire
1442 1353 1583 1397 rustici
1600 1370 1663 1397 re-

220 1440 432 1486 ferebant3
465 1439 682 1480 manifesto
707 1448 988 1494 argumento,
1023 1439 1064 1480 in
1092 1441 1246 1490 majore
1268 1443 1342 1484 sub
1365 1445 1500 1486 humo
1524 1446 1661 1487 altitu·

222 1528 314 1569 dine
339 1529 428 1579 ejus
458 1530 573 1584 gypsi
599 1529 775 1580 maiores
797 1561 809 1581 ,
839 1530 878 1571 &
909 1529 1020 1570 forte
1042 1532 1260 1573 nobiliores
1285 1533 1408 1573 etiam
1435 1533 1569 1576 massas
1599 1537 1665 1577 de-

219 1620 371 1674 positas
401 1617 492 1660 esse.
544 1621 688 1660 Solum
724 1618 784 1660 est
823 1618 956 1674 argilla
988 1620 1149 1674 plastica
1179 1623 1344 1679 pinguis
1365 1656 1377 1676 ‚
1421 1625 1459 1667 ὅτ
1495 1625 1663 1680 gliscens

221 1709 350 1757 adeo,
380 1717 430 1749 ut
458 1709 596 1763 paucis
622 1719 718 1750 ante
743 1709 855 1750 annis
882 1710 1092 1753 summum
1118 1713 1206 1763 eius
1232 1713 1434 1766 stratum,
1461 1728 1551 1769 quo
1572 1728 1664 1756 ver⁴

221 1807 291 1839 tex
317 1799 425 1839 collis
453 1801 698 1854 tegebatur,
730 1799 824 1854 post
848 1800 997 1841 imbres
1029 1801 1069 1842 in
1098 1801 1223 1845 imam
1248 1806 1394 1846 vallem
1417 1805 1661 1857 defluxerit,

219 1891 395 1944 plantis,
431 1906 523 1946 quae
555 1891 594 1932 in
627 1904 678 1932 eo
705 1891 1043 1945 hospitabantur,
1074 1890 1293 1934 inviolatis.
1334 1897 1483 1937 Plantae
1511 1896 1552 1937 in
1586 1897 1662 1936 hac

218 1979 385 2034 regione
409 1994 494 2022 non
514 1982 620 2033 aliae,
652 1995 777 2037 quam
797 1995 890 2036 quae
914 1982 1086 2023 maxime
1115 1984 1316 2038 vulgares.
1350 1985 1382 2024 E
1406 1984 1553 2025 ceteris
1587 1983 1670 2027 La·

218 2077 359 2113 vatera
400 2066 600 2124 officinalis
637 2073 689 2124 Β,
722 2074 758 2116 &
795 2067 1094 2114 Xeranthemum
1126 2086 1299 2116 annuum
1330 2073 1601 2125 eminebant,
1623 2074 1670 2118 &ss

217 2160 530 2216 propemodum
558 2162 832 2204 luxuriabant.

929 2345 974 2388 K?
997 2359 1024 2388 2
1529 2344 1614 2387 Sedss
