<?xml version="1.0" encoding="UTF-8"?>
<!DOCTYPE html PUBLIC "-//W3C//DTD XHTML 1.0 Transitional//EN"
    "http://www.w3.org/TR/xhtml1/DTD/xhtml1-transitional.dtd">
<html xmlns="http://www.w3.org/1999/xhtml" xml:lang="en" lang="en">
 <head>
  <title>
</title>
<meta http-equiv="Content-Type" content="text/html;charset=utf-8" />
  <meta name='ocr-system' content='tesseract 3.04.00' />
  <meta name='ocr-capabilities' content='ocr_page ocr_carea ocr_par ocr_line ocrx_word'/>
</head>
<body>
  <div class='ocr_page' id='page_1' title='image "./iterperposeganam00pill_0129.png"; bbox 0 0 1916 2805; ppageno 0'>
   <div class='ocr_carea' id='block_1_1' title="bbox 674 150 1254 211">
    <p class='ocr_par' dir='ltr' id='par_1_1' title="bbox 674 150 1254 211">
     <span class='ocr_line' id='line_1_1' title="bbox 674 150 1254 211; baseline 0.009 -5"><span class='ocrx_word' id='word_1_1' title='bbox 674 150 728 206; x_wconf 63' lang='lat'>23³</span> <span class='ocrx_word' id='word_1_2' title='bbox 843 152 1085 210; x_wconf 81' lang='lat'><em>(125)</em></span> <span class='ocrx_word' id='word_1_3' title='bbox 1199 155 1254 211; x_wconf 55' lang='grc' dir='ltr'>ΣΞ</span> 
     </span>
    </p>
   </div>
   <div class='ocr_carea' id='block_1_2' title="bbox 219 259 1676 2398">
    <p class='ocr_par' dir='ltr' id='par_1_2' title="bbox 224 259 1676 1310">
     <span class='ocr_line' id='line_1_2' title="bbox 232 259 1670 321; baseline 0.006 -18"><span class='ocrx_word' id='word_1_4' title='bbox 232 259 343 304; x_wconf 80' lang='lat' dir='ltr'>veat.</span> <span class='ocrx_word' id='word_1_5' title='bbox 381 260 427 303; x_wconf 86' lang='lat' dir='ltr'>In</span> <span class='ocrx_word' id='word_1_6' title='bbox 452 261 491 304; x_wconf 90' lang='lat' dir='ltr'>id</span> <span class='ocrx_word' id='word_1_7' title='bbox 516 261 658 304; x_wconf 82' lang='lat' dir='ltr'>deiude</span> <span class='ocrx_word' id='word_1_8' title='bbox 688 263 868 319; x_wconf 70' lang='lat' dir='ltr'>singulos</span> <span class='ocrx_word' id='word_1_9' title='bbox 897 266 1105 309; x_wconf 75' lang='lat' dir='ltr'>fasciculos</span> <span class='ocrx_word' id='word_1_10' title='bbox 1124 298 1136 319; x_wconf 89' lang='lat'>‚</span> <span class='ocrx_word' id='word_1_11' title='bbox 1168 267 1232 308; x_wconf 88' lang='lat' dir='ltr'>sed</span> <span class='ocrx_word' id='word_1_12' title='bbox 1256 274 1444 310; x_wconf 82' lang='lat' dir='ltr'>retortos</span> <span class='ocrx_word' id='word_1_13' title='bbox 1462 300 1474 321; x_wconf 91' lang='lat'>,</span> <span class='ocrx_word' id='word_1_14' title='bbox 1509 270 1670 311; x_wconf 88' lang='lat' dir='ltr'>modice</span> 
     </span>
     <span class='ocr_line' id='line_1_3' title="bbox 233 351 1670 414; baseline 0.005 -21"><span class='ocrx_word' id='word_1_15' title='bbox 233 351 516 408; x_wconf 87' lang='lat' dir='ltr'>immergunt,</span> <span class='ocrx_word' id='word_1_16' title='bbox 557 356 808 409; x_wconf 75' lang='lat' dir='ltr'>rursumque</span> <span class='ocrx_word' id='word_1_17' title='bbox 842 366 1031 398; x_wconf 79' lang='lat' dir='ltr'>exemtos</span> <span class='ocrx_word' id='word_1_18' title='bbox 1065 357 1107 398; x_wconf 90' lang='lat' dir='ltr'>in</span> <span class='ocrx_word' id='word_1_19' title='bbox 1135 358 1258 398; x_wconf 86' lang='lat' dir='ltr'>lintre</span> <span class='ocrx_word' id='word_1_20' title='bbox 1291 357 1508 411; x_wconf 84' lang='lat' dir='ltr'>sternunt,</span> <span class='ocrx_word' id='word_1_21' title='bbox 1540 369 1670 414; x_wconf 88' lang='lat' dir='ltr'>atque</span> 
     </span>
     <span class='ocr_line' id='line_1_4' title="bbox 232 441 1669 506; baseline 0.007 -24"><span class='ocrx_word' id='word_1_22' title='bbox 232 441 339 484; x_wconf 88' lang='lat' dir='ltr'>illico</span> <span class='ocrx_word' id='word_1_23' title='bbox 361 443 497 485; x_wconf 89' lang='lat' dir='ltr'>cinere</span> <span class='ocrx_word' id='word_1_24' title='bbox 519 456 541 484; x_wconf 88' lang='lat' dir='ltr'>e</span> <span class='ocrx_word' id='word_1_25' title='bbox 558 445 753 486; x_wconf 76' lang='lat' dir='ltr'>crematis</span> <span class='ocrx_word' id='word_1_26' title='bbox 777 445 931 489; x_wconf 88' lang='lat' dir='ltr'>vitium</span> <span class='ocrx_word' id='word_1_27' title='bbox 950 449 1164 490; x_wconf 72' lang='lat' dir='ltr'>sarmentis</span> <span class='ocrx_word' id='word_1_28' title='bbox 1190 449 1350 491; x_wconf 78' lang='lat' dir='ltr'>reliduo</span> <span class='ocrx_word' id='word_1_29' title='bbox 1369 450 1669 506; x_wconf 85' lang='lat' dir='ltr'>conspergunt,</span> 
     </span>
     <span class='ocr_line' id='line_1_5' title="bbox 230 538 1674 595; baseline 0.008 -24"><span class='ocrx_word' id='word_1_30' title='bbox 230 538 281 572; x_wconf 91' lang='lat' dir='ltr'>ut</span> <span class='ocrx_word' id='word_1_31' title='bbox 308 542 611 586; x_wconf 87' lang='lat' dir='ltr'>penetrentur,</span> <span class='ocrx_word' id='word_1_32' title='bbox 642 538 917 591; x_wconf 90' lang='lat' dir='ltr'>obruuntque</span> <span class='ocrx_word' id='word_1_33' title='bbox 950 538 1141 579; x_wconf 82' lang='lat' dir='ltr'>fervente</span> <span class='ocrx_word' id='word_1_34' title='bbox 1171 539 1296 580; x_wconf 78' lang='lat' dir='ltr'>rubiae</span> <span class='ocrx_word' id='word_1_35' title='bbox 1323 538 1415 590; x_wconf 88' lang='lat' dir='ltr'>jure</span> <span class='ocrx_word' id='word_1_36' title='bbox 1432 571 1444 591; x_wconf 90' lang='lat'>,</span> <span class='ocrx_word' id='word_1_37' title='bbox 1483 539 1523 581; x_wconf 86' lang='lat' dir='ltr'>in</span> <span class='ocrx_word' id='word_1_38' title='bbox 1550 553 1642 595; x_wconf 92' lang='lat' dir='ltr'>quo</span> <span class='ocrx_word' id='word_1_39' title='bbox 1661 572 1674 590; x_wconf 91' lang='lat'>,</span> 
     </span>
     <span class='ocr_line' id='line_1_6' title="bbox 228 623 1669 682; baseline 0.005 -17"><span class='ocrx_word' id='word_1_40' title='bbox 228 623 336 666; x_wconf 85' lang='lat' dir='ltr'>foliis</span> <span class='ocrx_word' id='word_1_41' title='bbox 370 624 566 679; x_wconf 85' lang='lat' dir='ltr'>juglandis</span> <span class='ocrx_word' id='word_1_42' title='bbox 596 625 786 668; x_wconf 68' lang='lat' dir='ltr'>obteaos</span> <span class='ocrx_word' id='word_1_43' title='bbox 815 628 974 682; x_wconf 88' lang='lat' dir='ltr'>aliquot</span> <span class='ocrx_word' id='word_1_44' title='bbox 1005 631 1138 671; x_wconf 86' lang='lat' dir='ltr'>adhuc</span> <span class='ocrx_word' id='word_1_45' title='bbox 1165 630 1280 671; x_wconf 80' lang='lat' dir='ltr'>horis</span> <span class='ocrx_word' id='word_1_46' title='bbox 1308 630 1485 671; x_wconf 81' lang='lat' dir='ltr'>servant.</span> <span class='ocrx_word' id='word_1_47' title='bbox 1525 630 1669 673; x_wconf 86' lang='lat' dir='ltr'>Postea</span> 
     </span>
     <span class='ocr_line' id='line_1_7' title="bbox 227 713 1671 775; baseline 0.005 -20"><span class='ocrx_word' id='word_1_48' title='bbox 227 714 379 767; x_wconf 88' lang='lat' dir='ltr'>liquida</span> <span class='ocrx_word' id='word_1_49' title='bbox 403 713 445 754; x_wconf 89' lang='lat' dir='ltr'>in</span> <span class='ocrx_word' id='word_1_50' title='bbox 476 726 584 767; x_wconf 84' lang='lat' dir='ltr'>aqua</span> <span class='ocrx_word' id='word_1_51' title='bbox 607 714 771 765; x_wconf 87' lang='lat' dir='ltr'>lavant,</span> <span class='ocrx_word' id='word_1_52' title='bbox 809 716 1071 771; x_wconf 83' lang='lat' dir='ltr'>siccantque,</span> <span class='ocrx_word' id='word_1_53' title='bbox 1103 718 1142 759; x_wconf 66' lang='grc' dir='ltr'>ἀ</span> <span class='ocrx_word' id='word_1_54' title='bbox 1170 720 1324 759; x_wconf 91' lang='lat' dir='ltr'>habent</span> <span class='ocrx_word' id='word_1_55' title='bbox 1361 720 1407 760; x_wconf 87' lang='lat' dir='ltr'>ad</span> <span class='ocrx_word' id='word_1_56' title='bbox 1436 721 1530 761; x_wconf 89' lang='lat' dir='ltr'>usus</span> <span class='ocrx_word' id='word_1_57' title='bbox 1559 735 1671 775; x_wconf 87' lang='lat' dir='ltr'>para-</span> 
     </span>
     <span class='ocr_line' id='line_1_8' title="bbox 226 801 1676 860; baseline 0.006 -17"><span class='ocrx_word' id='word_1_58' title='bbox 226 811 309 843; x_wconf 83' lang='lat' dir='ltr'>tos.</span> <span class='ocrx_word' id='word_1_59' title='bbox 340 801 454 843; x_wconf 87' lang='lat' dir='ltr'>Prius</span> <span class='ocrx_word' id='word_1_60' title='bbox 472 810 633 851; x_wconf 87' lang='lat' dir='ltr'>autern,</span> <span class='ocrx_word' id='word_1_61' title='bbox 664 814 792 856; x_wconf 89' lang='lat' dir='ltr'>quam</span> <span class='ocrx_word' id='word_1_62' title='bbox 813 802 985 858; x_wconf 86' lang='lat' dir='ltr'>tingunt</span> <span class='ocrx_word' id='word_1_63' title='bbox 1001 836 1013 854; x_wconf 94' lang='lat'>,</span> <span class='ocrx_word' id='word_1_64' title='bbox 1045 807 1175 846; x_wconf 86' lang='lat' dir='ltr'>lanam</span> <span class='ocrx_word' id='word_1_65' title='bbox 1199 817 1428 860; x_wconf 82' lang='lat' dir='ltr'>praeparant</span> <span class='ocrx_word' id='word_1_66' title='bbox 1445 838 1458 858; x_wconf 89' lang='lat'>,</span> <span class='ocrx_word' id='word_1_67' title='bbox 1490 819 1540 849; x_wconf 93' lang='lat' dir='ltr'>ut</span> <span class='ocrx_word' id='word_1_68' title='bbox 1567 812 1676 852; x_wconf 91' lang='lat' dir='ltr'>colo·</span> 
     </span>
     <span class='ocr_line' id='line_1_9' title="bbox 225 891 1670 951; baseline 0.004 -18"><span class='ocrx_word' id='word_1_69' title='bbox 225 905 315 934; x_wconf 90' lang='lat' dir='ltr'>rem</span> <span class='ocrx_word' id='word_1_70' title='bbox 344 891 649 947; x_wconf 82' lang='lat' dir='ltr'>adprehendat3</span> <span class='ocrx_word' id='word_1_71' title='bbox 686 902 908 947; x_wconf 85' lang='lat' dir='ltr'>eapropter</span> <span class='ocrx_word' id='word_1_72' title='bbox 932 907 1022 936; x_wconf 82' lang='lat' dir='ltr'>eam</span> <span class='ocrx_word' id='word_1_73' title='bbox 1047 895 1088 936; x_wconf 88' lang='lat' dir='ltr'>in</span> <span class='ocrx_word' id='word_1_74' title='bbox 1118 895 1240 937; x_wconf 88' lang='lat' dir='ltr'>calida</span> <span class='ocrx_word' id='word_1_75' title='bbox 1260 927 1273 948; x_wconf 92' lang='lat'>,</span> <span class='ocrx_word' id='word_1_76' title='bbox 1313 897 1363 936; x_wconf 80' lang='lat' dir='ltr'>ad</span> <span class='ocrx_word' id='word_1_77' title='bbox 1389 909 1516 951; x_wconf 89' lang='lat' dir='ltr'>quam</span> <span class='ocrx_word' id='word_1_78' title='bbox 1541 898 1670 939; x_wconf 84' lang='lat' dir='ltr'>secali·</span> 
     </span>
     <span class='ocr_line' id='line_1_10' title="bbox 225 979 1669 1038; baseline 0.005 -15"><span class='ocrx_word' id='word_1_79' title='bbox 225 995 329 1024; x_wconf 88' lang='lat' dir='ltr'>num</span> <span class='ocrx_word' id='word_1_80' title='bbox 360 983 617 1025; x_wconf 88' lang='lat' dir='ltr'>fermentum</span> <span class='ocrx_word' id='word_1_81' title='bbox 649 983 665 1037; x_wconf 92' lang='lat'>(</span> <span class='ocrx_word' id='word_1_82' title='bbox 694 979 817 1036; x_wconf 73' lang='lat' dir='ltr'>Quass</span> <span class='ocrx_word' id='word_1_83' title='bbox 837 983 873 1024; x_wconf 91' lang='lat' dir='ltr'>id</span> <span class='ocrx_word' id='word_1_84' title='bbox 897 982 1126 1038; x_wconf 85' lang='lat' dir='ltr'>adpellant)</span> <span class='ocrx_word' id='word_1_85' title='bbox 1149 984 1187 1027; x_wconf 69' lang='grc' dir='ltr'>δε</span> <span class='ocrx_word' id='word_1_86' title='bbox 1216 987 1379 1027; x_wconf 88' lang='lat' dir='ltr'>alumen</span> <span class='ocrx_word' id='word_1_87' title='bbox 1405 987 1569 1029; x_wconf 86' lang='lat' dir='ltr'>minute</span> <span class='ocrx_word' id='word_1_88' title='bbox 1596 990 1669 1029; x_wconf 86' lang='lat' dir='ltr'>ob-</span> 
     </span>
     <span class='ocr_line' id='line_1_11' title="bbox 226 1073 1669 1131; baseline 0.003 -17"><span class='ocrx_word' id='word_1_89' title='bbox 226 1074 374 1115; x_wconf 86' lang='lat' dir='ltr'>tritum</span> <span class='ocrx_word' id='word_1_90' title='bbox 407 1073 590 1122; x_wconf 90' lang='lat' dir='ltr'>addunt,</span> <span class='ocrx_word' id='word_1_91' title='bbox 627 1087 701 1128; x_wconf 87' lang='lat' dir='ltr'>per</span> <span class='ocrx_word' id='word_1_92' title='bbox 732 1073 905 1116; x_wconf 74' lang='lat' dir='ltr'>oStonos</span> <span class='ocrx_word' id='word_1_93' title='bbox 936 1075 1017 1116; x_wconf 91' lang='lat' dir='ltr'>dies</span> <span class='ocrx_word' id='word_1_94' title='bbox 1052 1084 1260 1118; x_wconf 87' lang='lat' dir='ltr'>macerant</span> <span class='ocrx_word' id='word_1_95' title='bbox 1284 1107 1297 1128; x_wconf 92' lang='lat'>‚</span> <span class='ocrx_word' id='word_1_96' title='bbox 1339 1077 1476 1131; x_wconf 90' lang='lat' dir='ltr'>quoad</span> <span class='ocrx_word' id='word_1_97' title='bbox 1504 1079 1669 1119; x_wconf 88' lang='lat' dir='ltr'>luteum</span> 
     </span>
     <span class='ocr_line' id='line_1_12' title="bbox 225 1164 1668 1222; baseline 0.003 -18"><span class='ocrx_word' id='word_1_98' title='bbox 225 1176 278 1205; x_wconf 79' lang='lat' dir='ltr'>ex</span> <span class='ocrx_word' id='word_1_99' title='bbox 304 1177 351 1205; x_wconf 87' lang='lat' dir='ltr'>ea</span> <span class='ocrx_word' id='word_1_100' title='bbox 382 1166 568 1206; x_wconf 88' lang='lat' dir='ltr'>colorem</span> <span class='ocrx_word' id='word_1_101' title='bbox 594 1164 744 1205; x_wconf 88' lang='lat' dir='ltr'>trahat.</span> <span class='ocrx_word' id='word_1_102' title='bbox 787 1164 960 1208; x_wconf 88' lang='lat' dir='ltr'>Rubiam</span> <span class='ocrx_word' id='word_1_103' title='bbox 990 1165 1223 1208; x_wconf 60' lang='lat' dir='ltr'>tineloriam</span> <span class='ocrx_word' id='word_1_104' title='bbox 1249 1166 1388 1208; x_wconf 91' lang='lat' dir='ltr'>coloni</span> <span class='ocrx_word' id='word_1_105' title='bbox 1420 1168 1668 1222; x_wconf 88' lang='lat' dir='ltr'>plerumque</span> 
     </span>
     <span class='ocr_line' id='line_1_13' title="bbox 224 1255 482 1310; baseline -0.008 -14"><span class='ocrx_word' id='word_1_106' title='bbox 224 1255 297 1310; x_wconf 84' lang='lat' dir='ltr'>ipfi</span> <span class='ocrx_word' id='word_1_107' title='bbox 321 1255 482 1296; x_wconf 83' lang='lat' dir='ltr'>colunt.</span> 
     </span>
    </p>

    <p class='ocr_par' dir='ltr' id='par_1_3' title="bbox 219 1345 1668 2308">
     <span class='ocr_line' id='line_1_14' title="bbox 416 1345 1668 1402; baseline 0.002 -15"><span class='ocrx_word' id='word_1_108' title='bbox 416 1346 517 1387; x_wconf 90' lang='lat' dir='ltr'>Non</span> <span class='ocrx_word' id='word_1_109' title='bbox 540 1346 724 1388; x_wconf 88' lang='lat' dir='ltr'>multum</span> <span class='ocrx_word' id='word_1_110' title='bbox 746 1345 940 1389; x_wconf 84' lang='lat' dir='ltr'>diffimilis</span> <span class='ocrx_word' id='word_1_111' title='bbox 959 1345 1019 1388; x_wconf 86' lang='lat' dir='ltr'>est</span> <span class='ocrx_word' id='word_1_112' title='bbox 1038 1346 1167 1399; x_wconf 90' lang='lat' dir='ltr'>ratio,</span> <span class='ocrx_word' id='word_1_113' title='bbox 1200 1360 1283 1402; x_wconf 88' lang='lat' dir='ltr'>qua</span> <span class='ocrx_word' id='word_1_114' title='bbox 1302 1349 1433 1390; x_wconf 87' lang='lat' dir='ltr'>lanam</span> <span class='ocrx_word' id='word_1_115' title='bbox 1452 1349 1565 1390; x_wconf 83' lang='lat' dir='ltr'>flavo</span> <span class='ocrx_word' id='word_1_116' title='bbox 1588 1349 1668 1389; x_wconf 88' lang='lat' dir='ltr'>tin-</span> 
     </span>
     <span class='ocr_line' id='line_1_15' title="bbox 221 1435 1666 1492; baseline 0.003 -16"><span class='ocrx_word' id='word_1_117' title='bbox 221 1445 328 1492; x_wconf 88' lang='lat' dir='ltr'>gunt</span> <span class='ocrx_word' id='word_1_118' title='bbox 346 1468 359 1488; x_wconf 90' lang='lat'>,</span> <span class='ocrx_word' id='word_1_119' title='bbox 401 1435 474 1477; x_wconf 87' lang='lat' dir='ltr'>nifi</span> <span class='ocrx_word' id='word_1_120' title='bbox 499 1435 615 1489; x_wconf 93' lang='lat' dir='ltr'>quod</span> <span class='ocrx_word' id='word_1_121' title='bbox 640 1435 680 1477; x_wconf 90' lang='lat' dir='ltr'>in</span> <span class='ocrx_word' id='word_1_122' title='bbox 707 1449 753 1477; x_wconf 89' lang='lat' dir='ltr'>ea</span> <span class='ocrx_word' id='word_1_123' title='bbox 780 1436 968 1477; x_wconf 60' lang='lat' dir='ltr'>timeturae</span> <span class='ocrx_word' id='word_1_124' title='bbox 991 1438 1167 1491; x_wconf 82' lang='lat' dir='ltr'>paranda</span> <span class='ocrx_word' id='word_1_125' title='bbox 1197 1439 1410 1481; x_wconf 86' lang='lat' dir='ltr'>fermento</span> <span class='ocrx_word' id='word_1_126' title='bbox 1436 1437 1666 1490; x_wconf 87' lang='lat' dir='ltr'>abstinent,</span> 
     </span>
     <span class='ocr_line' id='line_1_16' title="bbox 219 1524 1665 1582; baseline 0.001 -15"><span class='ocrx_word' id='word_1_127' title='bbox 219 1528 366 1567; x_wconf 88' lang='lat' dir='ltr'>balneo</span> <span class='ocrx_word' id='word_1_128' title='bbox 389 1537 439 1566; x_wconf 84' lang='lat' dir='ltr'>ex</span> <span class='ocrx_word' id='word_1_129' title='bbox 464 1524 665 1573; x_wconf 88' lang='lat' dir='ltr'>alumine,</span> <span class='ocrx_word' id='word_1_130' title='bbox 695 1524 734 1566; x_wconf 85' lang='lat'>&amp;</span> <span class='ocrx_word' id='word_1_131' title='bbox 754 1525 830 1566; x_wconf 89' lang='lat' dir='ltr'>sale</span> <span class='ocrx_word' id='word_1_132' title='bbox 852 1527 1067 1568; x_wconf 87' lang='lat' dir='ltr'>communi</span> <span class='ocrx_word' id='word_1_133' title='bbox 1089 1537 1247 1582; x_wconf 86' lang='lat' dir='ltr'>parato.</span> <span class='ocrx_word' id='word_1_134' title='bbox 1278 1528 1343 1569; x_wconf 90' lang='lat' dir='ltr'>Ad</span> <span class='ocrx_word' id='word_1_135' title='bbox 1371 1528 1529 1569; x_wconf 84' lang='lat' dir='ltr'>flavum</span> <span class='ocrx_word' id='word_1_136' title='bbox 1552 1531 1665 1570; x_wconf 90' lang='lat' dir='ltr'>colo-</span> 
     </span>
     <span class='ocr_line' id='line_1_17' title="bbox 220 1609 1667 1672; baseline 0.001 -14"><span class='ocrx_word' id='word_1_137' title='bbox 220 1629 310 1658; x_wconf 88' lang='lat' dir='ltr'>rem</span> <span class='ocrx_word' id='word_1_138' title='bbox 330 1615 534 1670; x_wconf 84' lang='lat' dir='ltr'>praecipua</span> <span class='ocrx_word' id='word_1_139' title='bbox 557 1614 625 1657; x_wconf 86' lang='lat' dir='ltr'>illis</span> <span class='ocrx_word' id='word_1_140' title='bbox 649 1614 710 1657; x_wconf 82' lang='lat' dir='ltr'>est</span> <span class='ocrx_word' id='word_1_141' title='bbox 730 1609 886 1671; x_wconf 81' lang='lat' dir='ltr'>genista</span> <span class='ocrx_word' id='word_1_142' title='bbox 911 1613 1117 1670; x_wconf 67' lang='lat' dir='ltr'>tinfloria,</span> <span class='ocrx_word' id='word_1_143' title='bbox 1149 1631 1236 1659; x_wconf 89' lang='lat' dir='ltr'>non</span> <span class='ocrx_word' id='word_1_144' title='bbox 1260 1618 1416 1660; x_wconf 87' lang='lat' dir='ltr'>florum</span> <span class='ocrx_word' id='word_1_145' title='bbox 1441 1619 1571 1659; x_wconf 88' lang='lat' dir='ltr'>solum</span> <span class='ocrx_word' id='word_1_146' title='bbox 1599 1632 1667 1672; x_wconf 89' lang='lat' dir='ltr'>pa·</span> 
     </span>
     <span class='ocr_line' id='line_1_18' title="bbox 220 1704 1662 1763; baseline 0.001 -16"><span class='ocrx_word' id='word_1_147' title='bbox 220 1706 374 1753; x_wconf 88' lang='lat' dir='ltr'>nicula,</span> <span class='ocrx_word' id='word_1_148' title='bbox 404 1706 471 1746; x_wconf 90' lang='lat' dir='ltr'>sed</span> <span class='ocrx_word' id='word_1_149' title='bbox 497 1705 620 1747; x_wconf 90' lang='lat' dir='ltr'>etiam</span> <span class='ocrx_word' id='word_1_150' title='bbox 645 1704 777 1758; x_wconf 85' lang='lat' dir='ltr'>foliis,</span> <span class='ocrx_word' id='word_1_151' title='bbox 809 1706 848 1748; x_wconf 86' lang='lat'>&amp;</span> <span class='ocrx_word' id='word_1_152' title='bbox 871 1706 1034 1748; x_wconf 89' lang='lat' dir='ltr'>caudice</span> <span class='ocrx_word' id='word_1_153' title='bbox 1057 1707 1105 1748; x_wconf 87' lang='lat' dir='ltr'>ad</span> <span class='ocrx_word' id='word_1_154' title='bbox 1128 1707 1377 1763; x_wconf 88' lang='lat' dir='ltr'>tingendum</span> <span class='ocrx_word' id='word_1_155' title='bbox 1403 1709 1527 1750; x_wconf 79' lang='lat' dir='ltr'>utilis.</span> <span class='ocrx_word' id='word_1_156' title='bbox 1560 1710 1662 1750; x_wconf 90' lang='lat' dir='ltr'>Eam</span> 
     </span>
     <span class='ocr_line' id='line_1_19' title="bbox 220 1796 1662 1854; baseline 0.001 -15"><span class='ocrx_word' id='word_1_157' title='bbox 220 1798 262 1839; x_wconf 88' lang='lat' dir='ltr'>in</span> <span class='ocrx_word' id='word_1_158' title='bbox 296 1797 479 1839; x_wconf 86' lang='lat' dir='ltr'>minutas</span> <span class='ocrx_word' id='word_1_159' title='bbox 510 1796 729 1851; x_wconf 86' lang='lat' dir='ltr'>particulas</span> <span class='ocrx_word' id='word_1_160' title='bbox 757 1796 960 1838; x_wconf 81' lang='lat' dir='ltr'>concisam</span> <span class='ocrx_word' id='word_1_161' title='bbox 982 1828 995 1849; x_wconf 96' lang='lat'>,</span> <span class='ocrx_word' id='word_1_162' title='bbox 1039 1796 1307 1854; x_wconf 85' lang='lat' dir='ltr'>posteaquam</span> <span class='ocrx_word' id='word_1_163' title='bbox 1339 1797 1507 1840; x_wconf 68' lang='grc' dir='ltr'>ῃοὲὶεῐη</span> <span class='ocrx_word' id='word_1_164' title='bbox 1536 1812 1662 1840; x_wconf 88' lang='lat' dir='ltr'>unam</span> 
     </span>
     <span class='ocr_line' id='line_1_20' title="bbox 220 1887 1664 1945; baseline -0.001 -14"><span class='ocrx_word' id='word_1_165' title='bbox 220 1891 263 1932; x_wconf 89' lang='lat' dir='ltr'>in</span> <span class='ocrx_word' id='word_1_166' title='bbox 286 1902 392 1944; x_wconf 86' lang='lat' dir='ltr'>aqua</span> <span class='ocrx_word' id='word_1_167' title='bbox 421 1888 720 1929; x_wconf 86' lang='lat' dir='ltr'>maceraverint</span> <span class='ocrx_word' id='word_1_168' title='bbox 745 1918 757 1936; x_wconf 90' lang='lat'>,</span> <span class='ocrx_word' id='word_1_169' title='bbox 787 1887 953 1929; x_wconf 89' lang='lat' dir='ltr'>subdito</span> <span class='ocrx_word' id='word_1_170' title='bbox 980 1888 1073 1945; x_wconf 84' lang='lat' dir='ltr'>igne</span> <span class='ocrx_word' id='word_1_171' title='bbox 1105 1899 1326 1944; x_wconf 90' lang='lat' dir='ltr'>coquunt,</span> <span class='ocrx_word' id='word_1_172' title='bbox 1366 1889 1504 1944; x_wconf 88' lang='lat' dir='ltr'>quoad</span> <span class='ocrx_word' id='word_1_173' title='bbox 1531 1889 1664 1930; x_wconf 82' lang='lat' dir='ltr'>candi-</span> 
     </span>
     <span class='ocr_line' id='line_1_21' title="bbox 219 1977 1665 2034; baseline -0.001 -13"><span class='ocrx_word' id='word_1_174' title='bbox 219 1981 369 2032; x_wconf 84' lang='lat' dir='ltr'>detur,</span> <span class='ocrx_word' id='word_1_175' title='bbox 402 1978 518 2033; x_wconf 90' lang='lat' dir='ltr'>quod</span> <span class='ocrx_word' id='word_1_176' title='bbox 551 1977 610 2018; x_wconf 87' lang='lat' dir='ltr'>est</span> <span class='ocrx_word' id='word_1_177' title='bbox 635 1977 722 2028; x_wconf 82' lang='lat' dir='ltr'>ejus</span> <span class='ocrx_word' id='word_1_178' title='bbox 752 1977 1002 2020; x_wconf 85' lang='lat' dir='ltr'>maturitatis</span> <span class='ocrx_word' id='word_1_179' title='bbox 1034 1979 1209 2034; x_wconf 69' lang='lat' dir='ltr'>signum.</span> <span class='ocrx_word' id='word_1_180' title='bbox 1246 1980 1364 2021; x_wconf 91' lang='lat' dir='ltr'>Dum</span> <span class='ocrx_word' id='word_1_181' title='bbox 1387 1980 1569 2021; x_wconf 80' lang='lat' dir='ltr'>infervet</span> <span class='ocrx_word' id='word_1_182' title='bbox 1598 1979 1665 2020; x_wconf 83' lang='lat' dir='ltr'>ad-</span> 
     </span>
     <span class='ocr_line' id='line_1_22' title="bbox 220 2068 1663 2126; baseline 0.002 -15"><span class='ocrx_word' id='word_1_183' title='bbox 220 2072 334 2122; x_wconf 89' lang='lat' dir='ltr'>huc,</span> <span class='ocrx_word' id='word_1_184' title='bbox 364 2070 492 2110; x_wconf 86' lang='lat' dir='ltr'>lanam</span> <span class='ocrx_word' id='word_1_185' title='bbox 526 2081 579 2110; x_wconf 88' lang='lat' dir='ltr'>eo</span> <span class='ocrx_word' id='word_1_186' title='bbox 610 2068 893 2123; x_wconf 85' lang='lat' dir='ltr'>immergunt,</span> <span class='ocrx_word' id='word_1_187' title='bbox 935 2077 1168 2123; x_wconf 88' lang='lat' dir='ltr'>tenentque</span> <span class='ocrx_word' id='word_1_188' title='bbox 1196 2083 1283 2112; x_wconf 91' lang='lat' dir='ltr'>non</span> <span class='ocrx_word' id='word_1_189' title='bbox 1318 2071 1500 2124; x_wconf 86' lang='lat' dir='ltr'>diutius,</span> <span class='ocrx_word' id='word_1_190' title='bbox 1533 2085 1663 2126; x_wconf 90' lang='lat' dir='ltr'>quam</span> 
     </span>
     <span class='ocr_line' id='line_1_23' title="bbox 219 2160 1661 2214; baseline 0.002 -13"><span class='ocrx_word' id='word_1_191' title='bbox 219 2161 278 2202; x_wconf 83' lang='lat' dir='ltr'>sat</span> <span class='ocrx_word' id='word_1_192' title='bbox 296 2161 345 2201; x_wconf 83' lang='lat' dir='ltr'>fit</span> <span class='ocrx_word' id='word_1_193' title='bbox 361 2192 374 2211; x_wconf 94' lang='lat'>,</span> <span class='ocrx_word' id='word_1_194' title='bbox 404 2169 455 2201; x_wconf 90' lang='lat' dir='ltr'>ut</span> <span class='ocrx_word' id='word_1_195' title='bbox 475 2170 605 2201; x_wconf 89' lang='lat' dir='ltr'>ovum</span> <span class='ocrx_word' id='word_1_196' title='bbox 624 2169 932 2214; x_wconf 87' lang='lat' dir='ltr'>percoquatur,</span> <span class='ocrx_word' id='word_1_197' title='bbox 964 2160 1157 2214; x_wconf 86' lang='lat' dir='ltr'>illicoque</span> <span class='ocrx_word' id='word_1_198' title='bbox 1181 2169 1385 2203; x_wconf 82' lang='lat' dir='ltr'>exemtam</span> <span class='ocrx_word' id='word_1_199' title='bbox 1416 2161 1456 2203; x_wconf 90' lang='lat' dir='ltr'>in</span> <span class='ocrx_word' id='word_1_200' title='bbox 1476 2162 1661 2205; x_wconf 82' lang='lat' dir='ltr'>lixivium</span> 
     </span>
     <span class='ocr_line' id='line_1_24' title="bbox 219 2230 1658 2308; baseline 0.001 -15"><span class='ocrx_word' id='word_1_201' title='bbox 219 2264 243 2293; x_wconf 84' lang='lat' dir='ltr'>e</span> <span class='ocrx_word' id='word_1_202' title='bbox 269 2263 544 2308; x_wconf 89' lang='lat' dir='ltr'>quocumque</span> <span class='ocrx_word' id='word_1_203' title='bbox 567 2250 704 2297; x_wconf 88' lang='lat' dir='ltr'>cinere</span> <span class='ocrx_word' id='word_1_204' title='bbox 734 2230 949 2306; x_wconf 86' lang='lat' dir='ltr'>paratum,</span> <span class='ocrx_word' id='word_1_205' title='bbox 981 2250 1046 2291; x_wconf 82' lang='lat' dir='ltr'>sed</span> <span class='ocrx_word' id='word_1_206' title='bbox 1072 2263 1228 2306; x_wconf 86' lang='lat' dir='ltr'>purum</span> <span class='ocrx_word' id='word_1_207' title='bbox 1249 2250 1536 2307; x_wconf 86' lang='lat' dir='ltr'>liquidumque</span> <span class='ocrx_word' id='word_1_208' title='bbox 1558 2266 1658 2294; x_wconf 89' lang='lat' dir='ltr'>con·</span> 
     </span>
    </p>

    <p class='ocr_par' dir='ltr' id='par_1_4' title="bbox 912 2343 1603 2398">
     <span class='ocr_line' id='line_1_25' title="bbox 912 2343 1603 2398; baseline 0.003 -15"><span class='ocrx_word' id='word_1_209' title='bbox 912 2345 957 2398; x_wconf 84' lang='lat' dir='ltr'>Q</span> <span class='ocrx_word' id='word_1_210' title='bbox 990 2354 1013 2398; x_wconf 83' lang='lat'><strong>3</strong></span> <span class='ocrx_word' id='word_1_211' title='bbox 1433 2343 1603 2398; x_wconf 85' lang='lat' dir='ltr'>ferunt,</span> 
     </span>
    </p>
   </div>
  </div>
 </body>
</html>
