1916 2805
668 153 724 212 ΣΒ
837 153 1046 213 (99)
1162 154 1217 211 ²3³

233 264 347 307 Eum
376 265 589 308 sublimem
614 265 793 308 nubibus
820 267 1035 308 subnixum
1056 263 1170 307 fuisse
1193 266 1415 319 oportuit,
1446 267 1562 322 quod
1589 268 1670 323 spa·

233 356 340 397 tium
363 356 472 398 inter
495 357 630 398 senem
646 389 659 408 ,
688 358 727 400 &
751 368 986 399 extremum
1010 357 1175 412 parietis
1197 359 1302 398 latus
1331 369 1383 398 eo
1403 357 1562 399 arastum
1587 357 1671 411 est,

232 454 282 486 ut
305 445 474 502 vestigia
496 446 677 488 hominis
699 461 785 490 non
810 448 1015 490 admittat.
1055 447 1152 490 Post
1184 457 1348 502 tergum
1382 446 1483 487 senis
1512 446 1672 489 adstant

229 534 386 576 linteati
411 536 531 590 pauci
559 538 766 578 sacrorum
800 537 998 587 ministri,
1029 551 1215 593 quorum
1248 536 1307 578 est
1332 536 1406 577 sub
1437 536 1548 578 lineiS
1579 539 1672 578 taia-

231 626 286 668 ris
312 627 451 668 tunica
484 626 628 681 nigra,
666 629 946 681 quorumdam
980 627 1118 681 nigra,
1155 627 1360 678 albaque-3
1400 625 1439 666 ὅτ
1466 625 1561 679 post
1590 627 1669 668 hos

229 716 398 756 confuta
425 715 704 769 plurimorum
736 717 871 755 turba.
908 715 1039 756 Nobis
1068 714 1241 754 dubium
1279 726 1366 752 non
1396 715 1590 767 videtur,
1622 729 1668 758 ea

227 803 385 857 pictura
413 805 452 844 S.
485 805 746 857 Stephanum
779 803 1001 859 Hungariae
1030 814 1170 856 regem
1201 802 1440 855 sceptrum,
1481 804 1519 844 &
1549 817 1669 846 coro.

226 906 321 935 nam
349 891 585 936 Beatissimae
609 893 767 949 Virgini
792 893 930 936 Marioe
959 892 1181 948 Hungariae
1203 892 1394 933 Patronae
1419 890 1668 936 offerentem

228 984 565 1038 repraesentatum
591 980 717 1026 fuiss‘e.

419 1077 517 1129 Qua
539 1087 612 1128 per
640 1083 832 1115 montem
860 1069 1004 1114 Perkos
1027 1072 1093 1113 via
1125 1071 1234 1122 fuit,
1264 1084 1354 1113 eam
1388 1072 1558 1115 filicibus
1586 1074 1669 1128 ple-

228 1177 409 1219 rumque
440 1166 573 1205 rubeo
605 1165 743 1224 coit->re
770 1160 905 1204 tineus
934 1162 1104 1216 sparsam
1128 1161 1337 1209 vidimus,
1365 1162 1518 1215 quibus
1541 1162 1666 1204 etiam

228 1255 400 1296 solitaria
424 1255 591 1308 quani,
622 1256 659 1297 &
679 1254 833 1296 candidi
861 1253 1001 1296 cornei
1024 1252 1160 1306 lapidis
1186 1264 1209 1293 e
1239 1250 1374 1292 stratis
1396 1251 1479 1291 fere
1501 1249 1672 1292 schisto-

226 1345 275 1386 fis
300 1345 521 1398 compofiti
543 1343 670 1385 frusta
695 1343 991 1394 interjacebant
1006 1374 1018 1394 ,
1049 1356 1144 1396 quae
1167 1351 1346 1396 utraque
1367 1342 1408 1383 in
1433 1341 1583 1383 metalli
1604 1342 1670 1383 su-

227 1435 408 1489 spicione
436 1435 565 1474 fuere.
607 1438 825 1489 Quarzum
850 1435 936 1474 hoc
960 1432 1135 1475 examini
1163 1431 1392 1482 subieffium
1424 1444 1446 1471 e
1481 1431 1667 1474 centenis

224 1525 367 1580 pondo
400 1525 584 1579 septenas
616 1524 703 1564 fere
735 1523 835 1564 semi
855 1544 870 1552 -
893 1522 1030 1563 uncias
1056 1520 1217 1576 argenti
1246 1523 1385 1561 colore
1422 1521 1462 1560 in
1491 1534 1665 1562 aureum

224 1624 425 1671 vergente
456 1613 575 1656 cinai
611 1613 784 1655 reddidit
804 1645 817 1664 ,
859 1613 975 1667 quod
1007 1612 1123 1654 acido
1152 1611 1251 1652 nitri
1283 1610 1469 1651 solutum
1501 1609 1669 1665 nigrum

224 1706 377 1749 dimifit
398 1707 616 1761 pulverem
637 1705 760 1746 unius
792 1705 876 1746 fere
901 1704 998 1745 semi
1021 1727 1036 1736 ·
1054 1702 1185 1747 unciae
1209 1713 1308 1742 cum
1331 1697 1482 1742 semiffe
1510 1701 1667 1754 ponde-

226 1809 284 1838 re.
324 1798 528 1838 Ceterum
560 1805 726 1837 montes
754 1797 966 1836 calcaream
1000 1792 1211 1836 ostentant
1240 1799 1459 1842 naturam,
1498 1791 1662 1833 extimis

224 1899 375 1928 eorum
401 1885 625 1940 parietibus
655 1886 834 1926 calcareo
857 1883 1065 1927 stalaffltio
1096 1883 1188 1924 saxo
1215 1881 1531 1936 coagmentatis.
1564 1885 1664 1936 Qua

222 1987 364 2018 tamen
379 1991 403 2017 a
417 1971 523 2017 Biela
546 1975 585 2016 in
609 1973 746 2017 Sira‘cs
761 1984 1039 2030 procurrunt,
1059 1975 1231 2017 calcarea
1243 1973 1371 2013 moles
1391 1971 1554 2013 diversis
1571 1973 1666 2013 alio·

225 2082 321 2111 rum
346 2066 523 2121 lapidum
550 2066 769 2120 generibus
792 2066 981 2121 imposita
1010 2063 1208 2114 videtur,
1246 2062 1362 2116 quod
1390 2061 1564 2115 plurima
1593 2074 1665 2102 eo-

222 2173 319 2202 rum
341 2159 569 2212 fragmenta
596 2170 691 2198 curn
716 2157 831 2211 aquis
854 2156 1126 2197 devehantur.
1157 2155 1203 2195 In
1228 2149 1333 2193 Bseta
1356 2152 1490 2193 {axum
1517 2151 1556 2192 in
1575 2164 1666 2193 mo-

222 2251 351 2291 larem
374 2246 546 2302 lapidem
567 2246 736 2290 formari
760 2247 937 2289 vidimus
954 2277 966 2295 ,
998 2244 1115 2300 quod
1137 2256 1160 2285 e
1186 2252 1335 2288 monte
1361 2237 1502 2296 Bastafi
1518 2254 1570 2282 eo
1596 2241 1663 2282 de-

911 2336 955 2379 N
984 2346 1012 2376 2
1474 2334 1606 2374 latum
