1916 2805
699 141 754 199 2&
874 145 1084 201 (63)
1204 145 1259 204 13<

255 263 350 294 mos
382 252 456 294 sub
488 252 715 297 meridiano
750 255 831 296 sole
857 269 1025 310 campos
1053 287 1065 308 ,
1112 256 1497 314 interluentemque
1528 272 1599 301 eos
1630 262 1696 302 Sa·

256 355 360 384 vum
385 343 572 394 objee125
601 359 623 386 a
645 358 726 400 qua
750 355 868 400 parte
895 347 1022 390 etiam
1048 360 1200 389 novam
1227 349 1488 402 Gmdiscam,
1519 364 1608 406 quae
1634 351 1695 393 est

253 434 459 488 praecipua
492 436 672 478 militaris
702 436 851 486 statio,
882 450 968 478 non
996 438 1089 492 pius
1121 451 1248 493 quam
1277 440 1524 495 sesquihorae
1548 442 1695 484 itinere

256 521 476 566 distantem
497 525 571 566 sub
594 525 720 568 oculis
747 528 884 568 habet.
922 528 1064 569 Decor
1085 530 1180 570 loco
1207 530 1361 571 accedit
1389 540 1483 573 tum
1508 533 1557 573 ab
1586 531 1696 583 aede,

253 614 494 666 temploque
529 616 697 655 patrum
733 617 770 655 S.
799 617 829 656 F
834 616 999 657 rancisci
1025 616 1220 659 instituto
1245 619 1511 671 viventium,
1543 622 1617 676 qui
1641 623 1696 663 sa·

250 715 317 742 cra
341 700 419 754 loci
445 709 619 752 curant,
652 710 746 742 tum
769 718 791 744 a
817 703 1005 757 castello,
1035 707 1152 759 quod
1183 709 1383 762 quadrata
1410 711 1545 752 forma
1569 712 1692 752 aedifi·

248 794 417 840 ca'tum,
447 787 634 845 foffaque
665 791 1005 835 circumventum
1026 824 1040 845 ‚
1072 807 1162 836 uno
1194 797 1343 839 abhinc
1364 812 1475 840 anno
1502 798 1693 841 instaura-

249 886 345 920 tum
367 877 426 920 est
441 907 453 928 ,
485 880 664 922 masculo
686 881 850 934 nitore,
881 883 956 938 qui
981 887 1104 928 talem
1128 885 1379 929 stru&uram
1401 888 1545 931 deceat
1560 919 1572 938 ,
1604 902 1690 931 non

246 971 448 1026 negiedsto.
481 972 547 1014 Ab
570 984 623 1012 eo
650 972 805 1027 oppido
828 986 984 1016 nomen
1013 977 1160 1031 accipit
1183 980 1339 1034 ampla,
1365 979 1431 1020 sed
1455 980 1540 1021 fere
1565 994 1685 1023 mon-

246 1067 342 1101 tana
363 1057 576 1113 posseffm,
605 1062 726 1114 cujus
753 1064 986 1119 praecipuus
1013 1075 1254 1125 proventus,
1274 1082 1297 1111 e
1324 1071 1454 1123 silvis,
1487 1071 1527 1113 ὅ(
1551 1071 1689 1114 inaffis

246 1152 288 1192 in
311 1163 373 1192 eas
399 1152 520 1193 suum
547 1152 739 1208 gregibus
767 1153 851 1206 est,
884 1156 1083 1200 secundus
1113 1175 1136 1201 a
1159 1160 1378 1213 pomariis,
1409 1159 1644 1215 postremus
1664 1174 1688 1203 e

244 1241 487 1292 frumentis,
519 1241 747 1298 vineisque.
791 1247 1111 1303 Quodcumque
1134 1258 1276 1292 autem
1305 1249 1495 1292 triticum
1525 1250 1566 1292 in
1594 1250 1686 1294 inae-

243 1331 347 1385 quali
370 1331 446 1372 hac
469 1331 638 1385 regione
660 1333 864 1383 nascitur,
895 1336 932 1376 id
962 1339 1142 1392 probum
1157 1371 1170 1390 ,
1201 1349 1330 1395 atque
1352 1341 1401 1381 ad
1419 1339 1686 1395 pistrinarum

242 1433 367 1474 opera
396 1419 713 1462 laudatiffimum
742 1421 802 1464 est
821 1455 834 1474 ‚
881 1425 1055 1481 fereque
1099 1438 1310 1472 emtorem
1345 1433 1501 1486 reperit
1535 1433 1648 1487 prius
1670 1465 1684 1485 ‚

241 1523 370 1565 quam
402 1506 651 1576 demessum3
692 1520 766 1553 aut
797 1513 914 1556 tec‘kis
946 1512 1106 1558 illatum
1136 1517 1198 1558 fit.
1234 1521 1416 1574 Propter
1451 1522 1568 1575 quod
1596 1535 1684 1563 non

239 1596 363 1642 ceffat
387 1599 504 1641 fundi
527 1601 739 1654 dominus,
770 1583 1071 1660 quodcumque
1095 1606 1270 1662 spatium
1296 1610 1345 1651 ad
1366 1610 1589 1652 colendum
1612 1622 1687 1666 opo

239 1701 476 1745 portunum
500 1688 577 1731 effi}
611 1690 901 1735 existimaVerit
922 1726 935 1746 ,
973 1695 1012 1736 id
1039 1697 1205 1748 dejestis
1236 1701 1451 1743 arboribus
1487 1702 1645 1757 aperire
1664 1684 1699 1754 ,'

240 1790 290 1823 ut
314 1782 632 1823 frumentorum
650 1782 855 1838 segetibus
874 1785 1036 1829 serviat.
1066 1791 1132 1831 De
1155 1791 1375 1844 pomariis,
1406 1801 1481 1833 aut
1503 1792 1654 1835 τιτθείας
1668 1825 1682 1846 ,

238 1872 288 1913 de
314 1884 551 1926 prunorum
578 1871 750 1913 arbustis
785 1887 872 1916 non
899 1875 1069 1920 dubium
1087 1911 1100 1932 ,
1140 1881 1244 1935 quin
1273 1883 1406 1934 major
1434 1896 1484 1926 ex
1506 1883 1552 1925 iis
1581 1894 1679 1927 tota

236 1965 314 2004 hac
338 1962 552 2016 provincia
572 1963 621 2003 fit
647 1962 831 2017 reditus,
863 1978 986 2021 quam
1008 1981 1031 2009 e
1055 1968 1185 2013 vineis
1208 1972 1372 2026 optime
1394 1974 1542 2025 cultis,
1567 1975 1681 2028 quod

236 2053 396 2107 populo
427 2066 510 2105 prae
538 2051 604 2093 illo
631 2065 653 2093 e
677 2055 822 2107 prunis
847 2056 941 2112 igne
965 2061 1144 2101 exaltato
1168 2061 1355 2117 liquore,
1385 2077 1431 2104 ac
1459 2065 1576 2105 velut
1604 2064 1682 2119 spi-

235 2144 322 2185 ritu
341 2174 354 2193 ,
398 2157 529 2200 quem
562 2142 784 2189 Slivovicza
817 2147 1020 2202 adpellant
1039 2181 1052 2202 ,
1089 2152 1249 2194 nullum
1282 2153 1426 2195 vinum
1454 2156 1675 2209 probatur.-

235 2236 334 2277 Non
360 2234 515 2277 mirum
544 2235 722 2289 idcirce,
753 2250 990 2293 prunorum
1012 2237 1212 2284 sationem
1233 2243 1446 2298 potiorem
1469 2245 1540 2286 inis
1571 2242 1676 2299 effe,

1483 2347 1615 2390 quam
