<?xml version="1.0" encoding="UTF-8"?>
<!DOCTYPE html PUBLIC "-//W3C//DTD XHTML 1.0 Transitional//EN"
    "http://www.w3.org/TR/xhtml1/DTD/xhtml1-transitional.dtd">
<html xmlns="http://www.w3.org/1999/xhtml" xml:lang="en" lang="en">
 <head>
  <title>
</title>
<meta http-equiv="Content-Type" content="text/html;charset=utf-8" />
  <meta name='ocr-system' content='tesseract 3.04.00' />
  <meta name='ocr-capabilities' content='ocr_page ocr_carea ocr_par ocr_line ocrx_word'/>
</head>
<body>
  <div class='ocr_page' id='page_1' title='image "./iterperposeganam00pill_0055.png"; bbox 0 0 1916 2805; ppageno 0'>
   <div class='ocr_carea' id='block_1_1' title="bbox 665 161 1222 223">
    <p class='ocr_par' dir='ltr' id='par_1_1' title="bbox 665 161 1222 223">
     <span class='ocr_line' id='line_1_1' title="bbox 665 161 1222 223; baseline -0.002 0"><span class='ocrx_word' id='word_1_1' title='bbox 665 161 720 223; x_wconf 59' lang='grc' dir='ltr'>Σεὲ</span> <span class='ocrx_word' id='word_1_2' title='bbox 837 164 1046 222; x_wconf 86' lang='lat'><em>(51)</em></span> <span class='ocrx_word' id='word_1_3' title='bbox 1167 164 1222 222; x_wconf 57' lang='grc' dir='ltr'>Σεὲ</span> 
     </span>
    </p>
   </div>
   <div class='ocr_carea' id='block_1_2' title="bbox 214 276 1664 2222">
    <p class='ocr_par' dir='ltr' id='par_1_2' title="bbox 214 276 1664 2222">
     <span class='ocr_line' id='line_1_2' title="bbox 221 276 1660 332; baseline -0.006 -9"><span class='ocrx_word' id='word_1_4' title='bbox 221 276 375 323; x_wconf 77' lang='lat' dir='ltr'>blicum</span> <span class='ocrx_word' id='word_1_5' title='bbox 396 279 599 322; x_wconf 77' lang='lat' dir='ltr'>sumtibus</span> <span class='ocrx_word' id='word_1_6' title='bbox 621 277 802 320; x_wconf 87' lang='lat' dir='ltr'>torrenti</span> <span class='ocrx_word' id='word_1_7' title='bbox 824 277 923 319; x_wconf 87' lang='lat' dir='ltr'>huic</span> <span class='ocrx_word' id='word_1_8' title='bbox 939 277 1048 318; x_wconf 86' lang='lat' dir='ltr'>amni</span> <span class='ocrx_word' id='word_1_9' title='bbox 1068 287 1258 332; x_wconf 86' lang='lat' dir='ltr'>paratum</span> <span class='ocrx_word' id='word_1_10' title='bbox 1277 276 1405 321; x_wconf 80' lang='lat' dir='ltr'>fuisse.</span> <span class='ocrx_word' id='word_1_11' title='bbox 1437 278 1504 322; x_wconf 87' lang='lat' dir='ltr'>De</span> <span class='ocrx_word' id='word_1_12' title='bbox 1525 292 1577 322; x_wconf 88' lang='lat' dir='ltr'>eo</span> <span class='ocrx_word' id='word_1_13' title='bbox 1591 294 1660 323; x_wconf 84' lang='lat' dir='ltr'>ve.</span> 
     </span>
     <span class='ocr_line' id='line_1_3' title="bbox 219 368 1658 423; baseline 0.001 -11"><span class='ocrx_word' id='word_1_14' title='bbox 219 379 313 420; x_wconf 86' lang='lat' dir='ltr'>tus,</span> <span class='ocrx_word' id='word_1_15' title='bbox 340 370 378 410; x_wconf 84' lang='lat'>&amp;</span> <span class='ocrx_word' id='word_1_16' title='bbox 398 378 510 411; x_wconf 86' lang='lat' dir='ltr'>certa</span> <span class='ocrx_word' id='word_1_17' title='bbox 532 369 590 410; x_wconf 85' lang='lat' dir='ltr'>est</span> <span class='ocrx_word' id='word_1_18' title='bbox 605 369 862 417; x_wconf 77' lang='lat' dir='ltr'>observatio,</span> <span class='ocrx_word' id='word_1_19' title='bbox 880 369 967 419; x_wconf 80' lang='lat' dir='ltr'>ejus</span> <span class='ocrx_word' id='word_1_20' title='bbox 989 381 1113 423; x_wconf 88' lang='lat' dir='ltr'>aquas</span> <span class='ocrx_word' id='word_1_21' title='bbox 1127 400 1140 420; x_wconf 88' lang='lat'>,</span> <span class='ocrx_word' id='word_1_22' title='bbox 1164 370 1191 410; x_wconf 82' lang='lat' dir='ltr'>fi</span> <span class='ocrx_word' id='word_1_23' title='bbox 1215 368 1286 409; x_wconf 85' lang='lat' dir='ltr'>sub</span> <span class='ocrx_word' id='word_1_24' title='bbox 1311 368 1420 410; x_wconf 88' lang='lat' dir='ltr'>veris</span> <span class='ocrx_word' id='word_1_25' title='bbox 1442 371 1658 413; x_wconf 83' lang='lat' dir='ltr'>exordium</span> 
     </span>
     <span class='ocr_line' id='line_1_4' title="bbox 218 458 1660 511; baseline 0.003 -11"><span class='ocrx_word' id='word_1_26' title='bbox 218 460 483 510; x_wconf 82' lang='lat' dir='ltr'><strong>redundent,</strong></span> <span class='ocrx_word' id='word_1_27' title='bbox 516 461 669 501; x_wconf 89' lang='lat' dir='ltr'>iterum</span> <span class='ocrx_word' id='word_1_28' title='bbox 702 460 865 500; x_wconf 84' lang='lat' dir='ltr'>circiter</span> <span class='ocrx_word' id='word_1_29' title='bbox 898 458 1197 511; x_wconf 80' lang='lat' dir='ltr'>Pentecosten,</span> <span class='ocrx_word' id='word_1_30' title='bbox 1235 473 1281 500; x_wconf 82' lang='lat' dir='ltr'>ac</span> <span class='ocrx_word' id='word_1_31' title='bbox 1308 459 1440 500; x_wconf 87' lang='lat' dir='ltr'>tertio</span> <span class='ocrx_word' id='word_1_32' title='bbox 1469 469 1660 504; x_wconf 77' lang='lat' dir='ltr'>extremo</span> 
     </span>
     <span class='ocr_line' id='line_1_5' title="bbox 219 548 1660 606; baseline 0.002 -16"><span class='ocrx_word' id='word_1_33' title='bbox 219 549 350 606; x_wconf 67' lang='lat' dir='ltr'>Iulio,</span> <span class='ocrx_word' id='word_1_34' title='bbox 383 559 456 590; x_wconf 84' lang='lat' dir='ltr'>aut</span> <span class='ocrx_word' id='word_1_35' title='bbox 479 551 649 591; x_wconf 89' lang='lat' dir='ltr'>ineunte</span> <span class='ocrx_word' id='word_1_36' title='bbox 673 548 865 603; x_wconf 83' lang='lat' dir='ltr'>Augusto</span> <span class='ocrx_word' id='word_1_37' title='bbox 887 549 1005 589; x_wconf 91' lang='lat' dir='ltr'>velut</span> <span class='ocrx_word' id='word_1_38' title='bbox 1025 548 1203 589; x_wconf 84' lang='lat' dir='ltr'>definitis</span> <span class='ocrx_word' id='word_1_39' title='bbox 1229 549 1490 603; x_wconf 85' lang='lat' dir='ltr'>temporibus</span> <span class='ocrx_word' id='word_1_40' title='bbox 1513 553 1660 592; x_wconf 86' lang='lat' dir='ltr'>exube-</span> 
     </span>
     <span class='ocr_line' id='line_1_6' title="bbox 222 637 1658 691; baseline 0.001 -11"><span class='ocrx_word' id='word_1_41' title='bbox 222 653 310 680; x_wconf 83' lang='lat' dir='ltr'>rare</span> <span class='ocrx_word' id='word_1_42' title='bbox 335 641 474 680; x_wconf 90' lang='lat' dir='ltr'>solere.</span> <span class='ocrx_word' id='word_1_43' title='bbox 508 641 622 683; x_wconf 82' lang='lat' dir='ltr'>Ultra</span> <span class='ocrx_word' id='word_1_44' title='bbox 647 650 743 678; x_wconf 90' lang='lat' dir='ltr'>eum</span> <span class='ocrx_word' id='word_1_45' title='bbox 775 639 872 677; x_wconf 89' lang='lat' dir='ltr'>urbs</span> <span class='ocrx_word' id='word_1_46' title='bbox 894 637 1130 690; x_wconf 77' lang='lat' dir='ltr'>Posegan0‚</span> <span class='ocrx_word' id='word_1_47' title='bbox 1167 650 1296 691; x_wconf 91' lang='lat' dir='ltr'>quem</span> <span class='ocrx_word' id='word_1_48' title='bbox 1325 637 1521 691; x_wconf 85' lang='lat' dir='ltr'>diximus,</span> <span class='ocrx_word' id='word_1_49' title='bbox 1552 654 1658 682; x_wconf 83' lang='lat' dir='ltr'>cam-</span> 
     </span>
     <span class='ocr_line' id='line_1_7' title="bbox 218 725 1659 783; baseline 0.001 -14"><span class='ocrx_word' id='word_1_50' title='bbox 218 743 277 783; x_wconf 88' lang='lat' dir='ltr'>po</span> <span class='ocrx_word' id='word_1_51' title='bbox 299 726 564 769; x_wconf 81' lang='lat' dir='ltr'>amoeniffima</span> <span class='ocrx_word' id='word_1_52' title='bbox 594 725 792 766; x_wconf 83' lang='lat' dir='ltr'>varietate</span> <span class='ocrx_word' id='word_1_53' title='bbox 830 725 959 765; x_wconf 82' lang='lat' dir='ltr'>oculis</span> <span class='ocrx_word' id='word_1_54' title='bbox 991 725 1239 775; x_wconf 68' lang='lat' dir='ltr'>blandienti,</span> <span class='ocrx_word' id='word_1_55' title='bbox 1276 726 1315 766; x_wconf 75' lang='grc' dir='ltr'>ὅτ</span> <span class='ocrx_word' id='word_1_56' title='bbox 1341 727 1446 779; x_wconf 86' lang='lat' dir='ltr'>grati</span> <span class='ocrx_word' id='word_1_57' title='bbox 1474 729 1659 781; x_wconf 60' lang='lat' dir='ltr'>aspecius</span> 
     </span>
     <span class='ocr_line' id='line_1_8' title="bbox 215 813 1659 866; baseline 0.001 -7"><span class='ocrx_word' id='word_1_58' title='bbox 215 816 426 859; x_wconf 89' lang='lat' dir='ltr'>montibus</span> <span class='ocrx_word' id='word_1_59' title='bbox 447 817 672 858; x_wconf 88' lang='lat' dir='ltr'>terminato</span> <span class='ocrx_word' id='word_1_60' title='bbox 694 816 953 865; x_wconf 82' lang='lat' dir='ltr'>advertitur,</span> <span class='ocrx_word' id='word_1_61' title='bbox 988 821 1297 866; x_wconf 83' lang='lat' dir='ltr'>eaquepropter</span> <span class='ocrx_word' id='word_1_62' title='bbox 1316 813 1363 853; x_wconf 89' lang='lat' dir='ltr'>ad</span> <span class='ocrx_word' id='word_1_63' title='bbox 1394 827 1540 856; x_wconf 89' lang='lat' dir='ltr'>omnes</span> <span class='ocrx_word' id='word_1_64' title='bbox 1568 818 1659 859; x_wconf 75' lang='lat' dir='ltr'>coeli</span> 
     </span>
     <span class='ocr_line' id='line_1_9' title="bbox 216 903 1660 964; baseline 0.001 -16"><span class='ocrx_word' id='word_1_65' title='bbox 216 909 349 964; x_wconf 83' lang='lat' dir='ltr'>plagas</span> <span class='ocrx_word' id='word_1_66' title='bbox 371 916 511 961; x_wconf 82' lang='lat' dir='ltr'>aperta</span> <span class='ocrx_word' id='word_1_67' title='bbox 529 904 611 957; x_wconf 82' lang='lat' dir='ltr'>est,</span> <span class='ocrx_word' id='word_1_68' title='bbox 634 914 914 960; x_wconf 75' lang='lat' dir='ltr'>praeterquam</span> <span class='ocrx_word' id='word_1_69' title='bbox 938 905 986 944; x_wconf 86' lang='lat' dir='ltr'>ad</span> <span class='ocrx_word' id='word_1_70' title='bbox 1017 903 1307 952; x_wconf 85' lang='lat' dir='ltr'>meridianam,</span> <span class='ocrx_word' id='word_1_71' title='bbox 1337 917 1358 944; x_wconf 85' lang='lat' dir='ltr'>a</span> <span class='ocrx_word' id='word_1_72' title='bbox 1377 917 1459 959; x_wconf 90' lang='lat' dir='ltr'>qua</span> <span class='ocrx_word' id='word_1_73' title='bbox 1484 908 1660 961; x_wconf 78' lang='lat' dir='ltr'>praealtis</span> 
     </span>
     <span class='ocr_line' id='line_1_10' title="bbox 217 996 1660 1052; baseline 0.002 -14"><span class='ocrx_word' id='word_1_74' title='bbox 217 1011 239 1038; x_wconf 84' lang='lat' dir='ltr'>a</span> <span class='ocrx_word' id='word_1_75' title='bbox 263 1007 384 1052; x_wconf 78' lang='lat' dir='ltr'>tergo</span> <span class='ocrx_word' id='word_1_76' title='bbox 413 996 727 1038; x_wconf 83' lang='lat' dir='ltr'>imminentibus</span> <span class='ocrx_word' id='word_1_77' title='bbox 759 996 976 1037; x_wconf 86' lang='lat' dir='ltr'>montibus</span> <span class='ocrx_word' id='word_1_78' title='bbox 1001 997 1290 1036; x_wconf 82' lang='lat' dir='ltr'>obumbratur.</span> <span class='ocrx_word' id='word_1_79' title='bbox 1330 996 1361 1037; x_wconf 87' lang='lat' dir='ltr'>li</span> <span class='ocrx_word' id='word_1_80' title='bbox 1383 1026 1397 1046; x_wconf 91' lang='lat'>,</span> <span class='ocrx_word' id='word_1_81' title='bbox 1426 1010 1509 1051; x_wconf 85' lang='lat' dir='ltr'>qua</span> <span class='ocrx_word' id='word_1_82' title='bbox 1541 1008 1660 1052; x_wconf 85' lang='lat' dir='ltr'>parte</span> 
     </span>
     <span class='ocr_line' id='line_1_11' title="bbox 220 1086 1661 1144; baseline 0.001 -15"><span class='ocrx_word' id='word_1_83' title='bbox 220 1088 313 1129; x_wconf 89' lang='lat' dir='ltr'>urbi</span> <span class='ocrx_word' id='word_1_84' title='bbox 348 1096 654 1142; x_wconf 86' lang='lat' dir='ltr'>opponuntur,</span> <span class='ocrx_word' id='word_1_85' title='bbox 694 1087 935 1138; x_wconf 84' lang='lat' dir='ltr'>arboribus,</span> <span class='ocrx_word' id='word_1_86' title='bbox 966 1086 1128 1126; x_wconf 84' lang='lat' dir='ltr'>adversa</span> <span class='ocrx_word' id='word_1_87' title='bbox 1159 1089 1325 1141; x_wconf 85' lang='lat' dir='ltr'>probae,</span> <span class='ocrx_word' id='word_1_88' title='bbox 1367 1090 1661 1144; x_wconf 63' lang='lat' dir='ltr'>generoffaeque</span> 
     </span>
     <span class='ocr_line' id='line_1_12' title="bbox 220 1174 1660 1230; baseline 0.003 -12"><span class='ocrx_word' id='word_1_89' title='bbox 220 1178 390 1219; x_wconf 74' lang='lat' dir='ltr'>fluxurae</span> <span class='ocrx_word' id='word_1_90' title='bbox 415 1177 544 1218; x_wconf 89' lang='lat' dir='ltr'>vineis</span> <span class='ocrx_word' id='word_1_91' title='bbox 571 1176 832 1225; x_wconf 84' lang='lat' dir='ltr'>vestiuntur,</span> <span class='ocrx_word' id='word_1_92' title='bbox 858 1174 1213 1230; x_wconf 86' lang='lat' dir='ltr'>intercipiuntque</span> <span class='ocrx_word' id='word_1_93' title='bbox 1235 1178 1308 1218; x_wconf 92' lang='lat' dir='ltr'>sub</span> <span class='ocrx_word' id='word_1_94' title='bbox 1331 1179 1559 1221; x_wconf 87' lang='lat' dir='ltr'>meridiano</span> <span class='ocrx_word' id='word_1_95' title='bbox 1579 1181 1660 1222; x_wconf 87' lang='lat' dir='ltr'>val·</span> 
     </span>
     <span class='ocr_line' id='line_1_13' title="bbox 216 1265 1660 1323; baseline 0.001 -14"><span class='ocrx_word' id='word_1_96' title='bbox 216 1271 272 1310; x_wconf 88' lang='lat' dir='ltr'>les</span> <span class='ocrx_word' id='word_1_97' title='bbox 296 1278 498 1322; x_wconf 87' lang='lat' dir='ltr'>perpetua</span> <span class='ocrx_word' id='word_1_98' title='bbox 528 1268 764 1323; x_wconf 86' lang='lat' dir='ltr'>graminum</span> <span class='ocrx_word' id='word_1_99' title='bbox 795 1266 978 1315; x_wconf 85' lang='lat' dir='ltr'>luxuria,</span> <span class='ocrx_word' id='word_1_100' title='bbox 1011 1265 1238 1319; x_wconf 80' lang='lat' dir='ltr'>blandoque</span> <span class='ocrx_word' id='word_1_101' title='bbox 1267 1267 1583 1311; x_wconf 83' lang='lat' dir='ltr'>decurrentium</span> <span class='ocrx_word' id='word_1_102' title='bbox 1610 1270 1660 1311; x_wconf 90' lang='lat' dir='ltr'>ri-</span> 
     </span>
     <span class='ocr_line' id='line_1_14' title="bbox 218 1355 1662 1409; baseline 0.004 -12"><span class='ocrx_word' id='word_1_103' title='bbox 218 1369 374 1397; x_wconf 85' lang='lat' dir='ltr'>vorum</span> <span class='ocrx_word' id='word_1_104' title='bbox 390 1369 629 1408; x_wconf 86' lang='lat' dir='ltr'>murmure,</span> <span class='ocrx_word' id='word_1_105' title='bbox 648 1356 687 1395; x_wconf 63' lang='grc' dir='ltr'>ἅ*</span> <span class='ocrx_word' id='word_1_106' title='bbox 706 1355 788 1409; x_wconf 83' lang='lat' dir='ltr'>ipsa</span> <span class='ocrx_word' id='word_1_107' title='bbox 808 1356 889 1406; x_wconf 84' lang='lat' dir='ltr'>jam</span> <span class='ocrx_word' id='word_1_108' title='bbox 908 1355 1127 1396; x_wconf 85' lang='lat' dir='ltr'>solitudine</span> <span class='ocrx_word' id='word_1_109' title='bbox 1146 1356 1464 1406; x_wconf 65' lang='lat' dir='ltr'>jucundissimas.</span> <span class='ocrx_word' id='word_1_110' title='bbox 1496 1362 1662 1402; x_wconf 85' lang='lat' dir='ltr'>Harum</span> 
     </span>
     <span class='ocr_line' id='line_1_15' title="bbox 216 1442 1661 1500; baseline 0.003 -13"><span class='ocrx_word' id='word_1_111' title='bbox 216 1445 412 1487; x_wconf 82' lang='lat' dir='ltr'>celebrior</span> <span class='ocrx_word' id='word_1_112' title='bbox 443 1442 479 1483; x_wconf 85' lang='lat' dir='ltr'><em>V</em></span> <span class='ocrx_word' id='word_1_113' title='bbox 477 1444 595 1485; x_wconf 79' lang='lat' dir='ltr'>uesa‘k</span> <span class='ocrx_word' id='word_1_114' title='bbox 617 1459 716 1487; x_wconf 89' lang='lat' dir='ltr'>cum</span> <span class='ocrx_word' id='word_1_115' title='bbox 736 1446 828 1500; x_wconf 81' lang='lat' dir='ltr'>ipsss</span> <span class='ocrx_word' id='word_1_116' title='bbox 850 1444 961 1487; x_wconf 82' lang='lat' dir='ltr'>urbis</span> <span class='ocrx_word' id='word_1_117' title='bbox 985 1445 1179 1498; x_wconf 80' lang='lat' dir='ltr'>pomariis</span> <span class='ocrx_word' id='word_1_118' title='bbox 1200 1447 1496 1500; x_wconf 87' lang='lat' dir='ltr'>continuatur,</span> <span class='ocrx_word' id='word_1_119' title='bbox 1516 1451 1661 1491; x_wconf 84' lang='lat' dir='ltr'>habet·</span> 
     </span>
     <span class='ocr_line' id='line_1_16' title="bbox 216 1535 1663 1593; baseline 0.003 -17"><span class='ocrx_word' id='word_1_120' title='bbox 216 1548 302 1590; x_wconf 87' lang='lat' dir='ltr'>que</span> <span class='ocrx_word' id='word_1_121' title='bbox 327 1535 366 1576; x_wconf 92' lang='lat' dir='ltr'>id</span> <span class='ocrx_word' id='word_1_122' title='bbox 387 1537 586 1590; x_wconf 78' lang='lat' dir='ltr'>singulare</span> <span class='ocrx_word' id='word_1_123' title='bbox 603 1567 616 1588; x_wconf 92' lang='lat'>,</span> <span class='ocrx_word' id='word_1_124' title='bbox 647 1536 764 1591; x_wconf 90' lang='lat' dir='ltr'>quod</span> <span class='ocrx_word' id='word_1_125' title='bbox 792 1537 841 1577; x_wconf 87' lang='lat' dir='ltr'>ab</span> <span class='ocrx_word' id='word_1_126' title='bbox 865 1549 909 1575; x_wconf 84' lang='lat' dir='ltr'>ea</span> <span class='ocrx_word' id='word_1_127' title='bbox 937 1543 1144 1589; x_wconf 88' lang='lat' dir='ltr'>perpetua</span> <span class='ocrx_word' id='word_1_128' title='bbox 1168 1535 1217 1576; x_wconf 81' lang='lat' dir='ltr'>ad</span> <span class='ocrx_word' id='word_1_129' title='bbox 1237 1538 1384 1578; x_wconf 87' lang='lat' dir='ltr'>urbem</span> <span class='ocrx_word' id='word_1_130' title='bbox 1414 1551 1512 1579; x_wconf 85' lang='lat' dir='ltr'>aura</span> <span class='ocrx_word' id='word_1_131' title='bbox 1538 1539 1663 1593; x_wconf 84' lang='lat' dir='ltr'>adspi-</span> 
     </span>
     <span class='ocr_line' id='line_1_17' title="bbox 214 1626 1659 1686; baseline 0.003 -19"><span class='ocrx_word' id='word_1_132' title='bbox 214 1635 307 1675; x_wconf 85' lang='lat' dir='ltr'>ret,</span> <span class='ocrx_word' id='word_1_133' title='bbox 340 1626 522 1668; x_wconf 90' lang='lat' dir='ltr'>interdiu</span> <span class='ocrx_word' id='word_1_134' title='bbox 552 1628 730 1669; x_wconf 89' lang='lat' dir='ltr'>calorem</span> <span class='ocrx_word' id='word_1_135' title='bbox 753 1627 967 1682; x_wconf 83' lang='lat' dir='ltr'>mitigans,</span> <span class='ocrx_word' id='word_1_136' title='bbox 998 1627 1189 1669; x_wconf 71' lang='lat' dir='ltr'>noffibus</span> <span class='ocrx_word' id='word_1_137' title='bbox 1213 1638 1355 1670; x_wconf 89' lang='lat' dir='ltr'>autem</span> <span class='ocrx_word' id='word_1_138' title='bbox 1383 1627 1508 1669; x_wconf 86' lang='lat' dir='ltr'>etiam</span> <span class='ocrx_word' id='word_1_139' title='bbox 1532 1629 1659 1686; x_wconf 89' lang='lat' dir='ltr'>frigo·</span> 
     </span>
     <span class='ocr_line' id='line_1_18' title="bbox 215 1716 1661 1772; baseline 0.002 -15"><span class='ocrx_word' id='word_1_140' title='bbox 215 1730 258 1757; x_wconf 84' lang='lat' dir='ltr'>ra</span> <span class='ocrx_word' id='word_1_141' title='bbox 280 1717 503 1768; x_wconf 90' lang='lat' dir='ltr'>inducens,</span> <span class='ocrx_word' id='word_1_142' title='bbox 532 1730 625 1772; x_wconf 87' lang='lat' dir='ltr'>quae</span> <span class='ocrx_word' id='word_1_143' title='bbox 650 1718 729 1759; x_wconf 89' lang='lat' dir='ltr'>sole</span> <span class='ocrx_word' id='word_1_144' title='bbox 753 1717 822 1759; x_wconf 76' lang='lat' dir='ltr'>vix</span> <span class='ocrx_word' id='word_1_145' title='bbox 846 1718 1002 1759; x_wconf 86' lang='lat' dir='ltr'>sublato</span> <span class='ocrx_word' id='word_1_146' title='bbox 1026 1718 1120 1772; x_wconf 84' lang='lat' dir='ltr'>post</span> <span class='ocrx_word' id='word_1_147' title='bbox 1147 1716 1443 1759; x_wconf 82' lang='lat' dir='ltr'>aestuofiffimos</span> <span class='ocrx_word' id='word_1_148' title='bbox 1477 1718 1558 1759; x_wconf 83' lang='lat' dir='ltr'>dies</span> <span class='ocrx_word' id='word_1_149' title='bbox 1587 1720 1661 1760; x_wconf 91' lang='lat' dir='ltr'>sub</span> 
     </span>
     <span class='ocr_line' id='line_1_19' title="bbox 215 1805 1662 1865; baseline 0.002 -18"><span class='ocrx_word' id='word_1_150' title='bbox 215 1806 286 1847; x_wconf 88' lang='lat' dir='ltr'>dio</span> <span class='ocrx_word' id='word_1_151' title='bbox 310 1819 415 1860; x_wconf 88' lang='lat' dir='ltr'>pene</span> <span class='ocrx_word' id='word_1_152' title='bbox 443 1808 618 1848; x_wconf 87' lang='lat' dir='ltr'>tolerare</span> <span class='ocrx_word' id='word_1_153' title='bbox 640 1820 725 1849; x_wconf 90' lang='lat' dir='ltr'>non</span> <span class='ocrx_word' id='word_1_154' title='bbox 749 1806 981 1861; x_wconf 87' lang='lat' dir='ltr'>potuimus.</span> <span class='ocrx_word' id='word_1_155' title='bbox 1014 1810 1060 1849; x_wconf 92' lang='lat' dir='ltr'>ln</span> <span class='ocrx_word' id='word_1_156' title='bbox 1081 1808 1160 1862; x_wconf 86' lang='lat' dir='ltr'>ipsa</span> <span class='ocrx_word' id='word_1_157' title='bbox 1185 1809 1286 1849; x_wconf 88' lang='lat' dir='ltr'>urbe</span> <span class='ocrx_word' id='word_1_158' title='bbox 1310 1808 1468 1849; x_wconf 87' lang='lat' dir='ltr'>medius</span> <span class='ocrx_word' id='word_1_159' title='bbox 1495 1805 1662 1865; x_wconf 76' lang='lat' dir='ltr'>assurgit</span> 
     </span>
     <span class='ocr_line' id='line_1_20' title="bbox 216 1895 1664 1954; baseline 0.001 -16"><span class='ocrx_word' id='word_1_160' title='bbox 216 1896 329 1938; x_wconf 86' lang='lat' dir='ltr'>collis</span> <span class='ocrx_word' id='word_1_161' title='bbox 351 1895 517 1938; x_wconf 83' lang='lat' dir='ltr'>vetusta</span> <span class='ocrx_word' id='word_1_162' title='bbox 537 1909 629 1939; x_wconf 84' lang='lat' dir='ltr'>arce</span> <span class='ocrx_word' id='word_1_163' title='bbox 653 1907 882 1940; x_wconf 89' lang='lat' dir='ltr'>coronatus</span> <span class='ocrx_word' id='word_1_164' title='bbox 899 1926 912 1946; x_wconf 86' lang='lat'>‚</span> <span class='ocrx_word' id='word_1_165' title='bbox 940 1910 1068 1952; x_wconf 85' lang='lat' dir='ltr'>quam</span> <span class='ocrx_word' id='word_1_166' title='bbox 1087 1912 1109 1938; x_wconf 88' lang='lat' dir='ltr'>a</span> <span class='ocrx_word' id='word_1_167' title='bbox 1135 1895 1357 1940; x_wconf 77' lang='lat' dir='ltr'>Laurentio</span> <span class='ocrx_word' id='word_1_168' title='bbox 1379 1896 1426 1940; x_wconf 83' lang='lat' dir='ltr'>de</span> <span class='ocrx_word' id='word_1_169' title='bbox 1458 1895 1566 1954; x_wconf 74' lang='lat' dir='ltr'>leak</span> <span class='ocrx_word' id='word_1_170' title='bbox 1590 1899 1664 1940; x_wconf 87' lang='lat' dir='ltr'>du-</span> 
     </span>
     <span class='ocr_line' id='line_1_21' title="bbox 217 1981 1661 2044; baseline -0.001 -15"><span class='ocrx_word' id='word_1_171' title='bbox 217 2001 263 2029; x_wconf 92' lang='lat' dir='ltr'>ce</span> <span class='ocrx_word' id='word_1_172' title='bbox 286 1987 466 2037; x_wconf 78' lang='lat' dir='ltr'>Bos&#39;niae,</span> <span class='ocrx_word' id='word_1_173' title='bbox 502 1981 654 2028; x_wconf 83' lang='lat' dir='ltr'>Nicolaz·</span> <span class='ocrx_word' id='word_1_174' title='bbox 678 1986 724 2029; x_wconf 81' lang='lat' dir='ltr'>de</span> <span class='ocrx_word' id='word_1_175' title='bbox 762 1985 896 2044; x_wconf 80' lang='lat' dir='ltr'>leak‚</span> <span class='ocrx_word' id='word_1_176' title='bbox 927 2001 1055 2042; x_wconf 88' lang='lat' dir='ltr'>quem</span> <span class='ocrx_word' id='word_1_177' title='bbox 1087 1985 1268 2029; x_wconf 76' lang='lat' dir='ltr'>Mathias</span> <span class='ocrx_word' id='word_1_178' title='bbox 1293 1985 1496 2030; x_wconf 83' lang='lat' dir='ltr'>Corvinus</span> <span class='ocrx_word' id='word_1_179' title='bbox 1518 2001 1661 2043; x_wconf 84' lang='lat' dir='ltr'>regem</span> 
     </span>
     <span class='ocr_line' id='line_1_22' title="bbox 218 2076 1663 2131; baseline -0.003 -10"><span class='ocrx_word' id='word_1_180' title='bbox 218 2077 372 2121; x_wconf 80' lang='lat' dir='ltr'>Bosniae</span> <span class='ocrx_word' id='word_1_181' title='bbox 401 2076 590 2127; x_wconf 78' lang='lat' dir='ltr'>dederat,</span> <span class='ocrx_word' id='word_1_182' title='bbox 622 2076 708 2117; x_wconf 82' lang='lat' dir='ltr'>filio</span> <span class='ocrx_word' id='word_1_183' title='bbox 735 2076 929 2120; x_wconf 66' lang='lat' dir='ltr'>stru-stam</span> <span class='ocrx_word' id='word_1_184' title='bbox 957 2079 1112 2120; x_wconf 87' lang='lat' dir='ltr'>ferunt.</span> <span class='ocrx_word' id='word_1_185' title='bbox 1143 2081 1375 2128; x_wconf 87' lang='lat' dir='ltr'>Ceterum,</span> <span class='ocrx_word' id='word_1_186' title='bbox 1406 2087 1556 2131; x_wconf 86' lang='lat' dir='ltr'>praeter</span> <span class='ocrx_word' id='word_1_187' title='bbox 1580 2086 1663 2117; x_wconf 88' lang='lat' dir='ltr'>ter-</span> 
     </span>
     <span class='ocr_line' id='line_1_23' title="bbox 220 2165 1662 2222; baseline -0.004 -11"><span class='ocrx_word' id='word_1_188' title='bbox 220 2182 271 2211; x_wconf 88' lang='lat' dir='ltr'>na</span> <span class='ocrx_word' id='word_1_189' title='bbox 291 2170 409 2211; x_wconf 81' lang='lat' dir='ltr'>bonae</span> <span class='ocrx_word' id='word_1_190' title='bbox 429 2165 644 2208; x_wconf 58' lang='lat' dir='ltr'>strufiturae</span> <span class='ocrx_word' id='word_1_191' title='bbox 667 2169 844 2222; x_wconf 87' lang='lat' dir='ltr'>templa,</span> <span class='ocrx_word' id='word_1_192' title='bbox 877 2168 918 2210; x_wconf 75' lang='grc' dir='ltr'>ὅτ</span> <span class='ocrx_word' id='word_1_193' title='bbox 940 2182 1028 2210; x_wconf 84' lang='lat' dir='ltr'>rara</span> <span class='ocrx_word' id='word_1_194' title='bbox 1051 2167 1259 2210; x_wconf 82' lang='lat' dir='ltr'>caementis</span> <span class='ocrx_word' id='word_1_195' title='bbox 1275 2197 1287 2218; x_wconf 86' lang='lat'>‚</span> <span class='ocrx_word' id='word_1_196' title='bbox 1318 2167 1357 2209; x_wconf 87' lang='lat'>&amp;</span> <span class='ocrx_word' id='word_1_197' title='bbox 1383 2167 1489 2208; x_wconf 85' lang='lat' dir='ltr'>calce</span> <span class='ocrx_word' id='word_1_198' title='bbox 1509 2166 1662 2206; x_wconf 86' lang='lat' dir='ltr'>forma·</span> 
     </span>
    </p>
   </div>
   <div class='ocr_carea' id='block_1_3' title="bbox 902 2259 1598 2300">
    <p class='ocr_par' dir='ltr' id='par_1_3' title="bbox 902 2259 1598 2300">
     <span class='ocr_line' id='line_1_24' title="bbox 902 2259 1598 2300; baseline -0.003 0"><span class='ocrx_word' id='word_1_199' title='bbox 902 2259 1004 2300; x_wconf 64' lang='grc' dir='ltr'>(ἱ),</span> <span class='ocrx_word' id='word_1_200' title='bbox 1502 2265 1598 2299; x_wconf 87' lang='lat' dir='ltr'>·ta</span> 
     </span>
    </p>
   </div>
  </div>
 </body>
</html>
