2003 2876
597 173 653 229 ts:
767 171 788 229 .(
847 185 873 228 9
934 169 950 226 )
1072 168 1127 226 ΣΘ(

147 284 474 331 Commentario
503 285 812 341 geographico,
849 296 939 340 quo
965 283 1044 325 iter
1074 294 1147 337 per
1180 279 1361 325 Danubii
1391 281 1521 336 ripam
1543 280 1584 321 in

144 378 351 423 Antonini
380 376 594 419 ltinerario
623 374 875 429 descriptum
906 373 1100 425 illustrat,
1142 372 1179 414 &
1211 368 1317 413 Rdff.
1349 385 1394 411 ac
1428 372 1490 412 Cl.
1517 367 1589 412 Sa*-

146 468 257 526 Iagyi
280 470 322 511 in
351 465 542 524 peculiari
575 466 622 506 de
652 467 728 506 hae
751 467 943 507 columna
969 476 1124 519 opere,
1154 459 1374 519 Aquincum
1405 474 1456 501 eo
1487 461 1586 502 loco

146 558 295 602 stetisse
312 561 491 608 docent,
526 567 615 608 quo
630 555 755 595 hodie
777 563 899 597 vetus
921 551 1031 596 Euda
1051 553 1137 604 est,
1170 553 1285 607 quod
1308 552 1367 594 est
1387 553 1584 608 frequens

144 664 222 693 nec
256 650 463 701 inelegans
493 643 594 687 Urbi
627 643 925 685 continuatum
955 644 1165 697 oppidum.
1209 643 1308 683 Eam
1333 655 1472 683 veram
1500 642 1585 683 sen-

142 739 320 782 tentiam
353 735 604 777 confirmant
636 734 775 789 quinae
800 737 885 775 hoc
911 747 1043 781 anno,
1076 735 1171 775 loco
1203 733 1381 783 eodem,
1419 732 1586 773 eodem·

142 840 229 882 que
260 838 361 867 cum
392 824 590 866 distantiae
616 837 797 866 numero
830 826 1034 866 coiumnae
1069 832 1226 875 erutae,
1258 837 1280 865 e
1313 836 1492 878 quarum
1530 823 1589 864 in-

139 917 432 972 striptionibus
463 925 658 970 apparet,
696 928 765 958 eas
802 915 1129 970 Imperatoribus
1160 910 1363 956 Antonino
1397 910 1490 965 Pio,
1524 911 1591 954 Se·

140 1006 276 1064 ptimio
310 1003 483 1057 Severo,
531 1003 637 1061 Julio
678 1003 779 1048 Vero
816 1003 1067 1052 Maximino,
1101 1001 1275 1060 Philippo
1307 1003 1346 1045 &
1386 998 1588 1060 Otaciliae,

143 1112 220 1141 nec
247 1112 333 1139 non
356 1097 524 1152 gemino
556 1093 729 1151 Philippo
757 1097 794 1138 ὅτ
831 1093 1004 1138 Otacilia:
1024 1109 1046 1136 a
1070 1094 1148 1138 viae
1175 1093 1446 1151 Aquincenfis
1471 1106 1588 1134 cura·

142 1189 305 1230 toribus
333 1189 510 1242 positas,
545 1186 583 1227 &
608 1187 807 1227 dedicatas
836 1183 967 1227 fuisse.

333 1278 397 1318 Ad
431 1274 605 1332 Tettdny
633 1285 823 1327 montes,
856 1278 1067 1330 coliesque
1090 1276 1294 1318 recedunt
1327 1275 1376 1316 ad
1398 1274 1588 1316 occiden-

143 1377 231 1408 tem
257 1366 402 1408 versus
437 1362 685 1419 Vesprimium
703 1392 714 1410 ,
747 1366 784 1407 &
813 1367 947 1406 lacum
982 1362 1168 1414 Maron,
1198 1366 1313 1417 juxta
1338 1377 1468 1420 quem
1493 1378 1588 1418 por-

140 1457 239 1500 reSti
263 1470 337 1512 per
369 1456 693 1512 Simeghiensem
713 1488 724 1508 ,
757 1457 794 1498 ὅτ
817 1455 962 1498 deinde
986 1468 1063 1509 per
1093 1455 1586 1517 BaranyensemrProvin-

141 1549 219 1591 cias
243 1556 503 1602 procurrunt
529 1547 570 1588 in
595 1547 851 1588 Sclavon-iam
868 1575 881 1594 ‚
913 1545 1241 1601 Croatiamque‚
1271 1555 1396 1602 atque
1424 1546 1516 1587 inde
1545 1545 1587 1587 in

138 1639 353 1689 Servhm,
385 1637 455 1679 ubi
491 1637 539 1677 ad
572 1637 769 1678 Haemum
793 1636 831 1677 se
866 1637 1115 1694 adjungunt.
1166 1640 1282 1680 Inter
1322 1635 1521 1693 Τετίἑηγ,
1553 1637 1590 1679 ὅτ

144 1725 371 1783 Hansabbg,
407 1741 496 1783 quae
520 1727 614 1768 sunt
638 1728 726 1768 loca
751 1727 921 1769 modico
942 1742 964 1768 a
981 1729 1022 1769 se
1047 1729 1266 1770 intervallo
1289 1728 1500 1778 distantia,
1533 1728 1590 1769 in-

137 1819 297 1875 dignati
326 1819 496 1870 sumus,
530 1818 662 1860 trium
687 1818 773 1859 fere
799 1819 917 1860 horae
946 1819 1227 1873 quadrantum
1253 1818 1364 1860 viam
1383 1815 1587 1871 interesse,

141 1910 258 1964 quod
284 1909 443 1950 circum
475 1922 644 1964 campos
671 1917 895 1961 arcuetur,
926 1909 1030 1964 qui,
1061 1911 1267 1966 quoniam
1291 1910 1453 1965 fingulis
1484 1922 1589 1963 pene

135 2000 252 2041 annis
274 1999 599 2040 redundantibus
621 1999 802 2041 Danubii
826 2000 942 2055 aquis
964 2011 1240 2057 merguntur,
1267 2000 1454 2055 uliginofi
1477 2002 1588 2053 sunt,

140 2090 179 2133 &
201 2089 413 2144 paludibus
439 2088 713 2146 stagnantur,
743 2104 909 2146 neque,
941 2091 1011 2133 nifi
1038 2091 1316 2135 oestuofiffima
1344 2093 1481 2135 aestate
1516 2107 1589 2135 ve-

137 2179 255 2236 stigia
279 2193 509 2235 pecorum,
545 2181 860 2236 hominumque
884 2182 1131 2225 admittunt.
1158 2184 1296 2226 Nobis
1321 2184 1499 2239 paluster
1521 2185 1590 2225 hic

140 2284 313 2327 campus
331 2303 345 2325 ‚
388 2273 504 2327 quod
529 2275 654 2329 planae
686 2273 904 2329 positionis
932 2276 980 2316 fit
1000 2307 1012 2327 ‚
1044 2288 1131 2317 non
1156 2276 1285 2318 ficcus
1319 2277 1448 2317 modo
1466 2308 1480 2328 ‚
1520 2276 1586 2317 sed

844 2367 876 2408 B
1417 2379 1528 2421 quae-
