1916 2805
658 178 712 235 ΣΞ
830 178 1041 236 (89)
1161 183 1216 238 ΣὲΞ

215 288 421 332 humeffls
445 303 491 332 ea
512 288 729 332 altitudine
755 290 1035 343 crescentem,
1071 302 1120 334 ut
1145 291 1446 347 longitudinem
1476 294 1655 337 hominis

213 380 396 422 multum
418 380 643 435 superaret.
674 383 741 424 De
771 395 823 424 eo
846 395 932 424 non
959 384 1036 425 erit
1051 385 1414 438 ’supervacaneum
1438 384 1656 426 adnotare:

213 471 330 512 hunc
353 469 542 512 nostrum
564 473 676 512 caule
700 469 777 513 effe
797 486 882 514 non
913 473 1095 516 unifloro
1112 507 1124 527 ‚
1157 488 1294 530 neque
1317 474 1489 516 floribus
1512 483 1656 515 nutan-

213 560 324 602 tibus
343 593 353 608 ‚
384 575 483 604 cum
507 574 580 604 eos
613 563 756 617 potius
788 564 988 617 plurimos
1013 565 1160 606 habeat
1188 562 1428 606 brevissimis
1459 563 1654 618 pediculis

211 651 253 692 in
276 652 440 693 summo
465 652 576 693 caule
600 652 868 707 adgregatos,
902 655 941 695 ὅ(
961 651 1144 707 pluribus
1167 653 1313 694 foliolis
1339 653 1521 694 subnatis
1548 653 1655 694 arete

211 741 441 782 involutos.
479 742 682 794 Qualem,
725 755 824 783 cum
849 744 1008 794 semper
1032 744 1138 782 hanc
1166 744 1345 794 plantam
1374 743 1654 798 reperissemus

209 828 468 883 (reperimus
490 837 633 870 autem
655 829 802 872 deinde
834 830 954 872 variis
979 831 1076 872 locis
1098 829 1371 886 frequenter)
1395 833 1443 873 ad
1473 831 1655 874 Cnicum

208 914 362 960 Linnaei
383 920 471 961 haec
492 919 680 963 adnotari
704 930 904 976 oportere
931 921 1191 963 arbitramur.

399 1009 534 1053 Noae
567 1012 608 1054 in
636 1009 812 1054 Pakracz
837 1010 973 1053 emeta
996 1009 1313 1066 properavimus
1348 1007 1535 1053 Kutinam
1560 1024 1653 1066 per-

206 1098 377 1151 venire,
409 1100 516 1142 inter
542 1114 635 1156 quae
654 1102 742 1142 loca
771 1101 886 1157 regio
910 1102 1038 1152 filvis,
1069 1101 1258 1157 agrisque
1281 1101 1389 1142 varia
1423 1100 1652 1154 interjacet.

205 1193 341 1246 Agros
364 1192 611 1247 plerumque
632 1190 774 1247 panico
798 1190 967 1234 miliaceo
991 1193 1174 1234 consitos
1200 1191 1405 1243 vidimus,
1437 1193 1554 1248 quod
1579 1207 1652 1236 ru·
1703 1221 1706 1224 ‹

205 1280 300 1323 stica
332 1290 546 1336 paupertas
581 1285 687 1336 pane
720 1282 903 1324 miliaceo
928 1282 1142 1329 vescatur,
1172 1281 1373 1336 quoniam
1401 1284 1546 1326 melius
1573 1285 1650 1329 im·

203 1373 339 1426 pleat,
372 1385 497 1427 quam
520 1371 724 1413 triticeus.
756 1374 793 1413 Is
824 1371 951 1427 gustu
979 1373 1130 1424 hebes,
1168 1372 1207 1415 ἃ
1233 1376 1546 1428 propemodum
1572 1375 1648 1417 ari·

202 1462 275 1503 dus
298 1475 384 1502 non
402 1462 513 1502 facile
537 1461 579 1502 in
608 1460 872 1502 stomachum
894 1461 1061 1502 demitti
1083 1462 1248 1515 potest,
1279 1464 1353 1504 nifi
1378 1465 1406 1506 si
1426 1474 1648 1518 paupertas

198 1550 380 1593 condiat.
412 1550 494 1593 Hic
518 1551 641 1593 etiam
669 1551 791 1593 usum
815 1550 987 1608 cylindri
1010 1551 1131 1607 lignei
1155 1553 1201 1593 ad
1223 1554 1356 1608 glebas
1376 1553 1644 1608 obterendas,

193 1644 239 1687 &
263 1656 408 1700 agrum
428 1643 675 1696 aequandum
700 1640 858 1684 rusticis
879 1638 956 1683 effe
978 1641 1172 1684 vidimus.

392 1729 545 1775 Kutina
571 1732 773 1787 oppidum
796 1730 855 1772 est
876 1730 920 1772 in
941 1732 1126 1776 confinio
1150 1732 1372 1788 superioris
1398 1737 1646 1789 Sclavoniae,

200 1837 328 1881 quam
363 1823 446 1875 jam
476 1819 670 1864 Croatiam
702 1822 975 1876 adpellamus,
1012 1824 1197 1877 positum
1218 1854 1231 1874 ,
1270 1822 1409 1866 illustri
1436 1827 1645 1870 comitum

198 1912 247 1957 vab
276 1911 406 1956 Erdbd
425 1912 541 1969 genti
565 1912 821 1963 obnoxium,
842 1924 980 1967 neque
999 1911 1069 1954 alia
1091 1926 1137 1956 re
1160 1914 1290 1970 magis
1312 1915 1495 1968 celebre,
1517 1931 1643 1972 quam

196 2005 318 2060 quod
339 2005 458 2045 colles
487 1999 600 2044 Goilo
625 2001 786 2044 vicinos
814 2004 965 2054 habet,
997 2002 1039 2044 in
1061 2003 1214 2057 quibus
1237 2003 1385 2046 vinum
1407 2019 1492 2047 non
1519 2007 1644 2063 gustu

194 2094 335 2137 minus
363 2093 627 2145 iucundum,
659 2105 786 2148 quam
815 2094 1064 2150 generosum
1082 2093 1348 2147 exprimitur.
1381 2097 1499 2138 Vites
1525 2097 1566 2137 in
1595 2096 1641 2139 iis

193 2186 429 2228 educantur
460 2196 600 2239 neque
626 2184 802 2226 humiles
825 2216 838 2237 ‚
877 2197 956 2225 nec
989 2193 1137 2225 contra
1166 2184 1381 2227 arbustivae
1402 2218 1416 2238 ‚
1456 2187 1522 2227 sed
1549 2200 1641 2242 quae

195 2274 392 2318 Croatica
408 2273 717 2317 consuetudine
739 2274 1024 2328 pedaminibus
1047 2276 1360 2331 adquiescentes
1374 2278 1433 2318 ad
1455 2277 1639 2320 hominis

870 2369 918 2410 M
1454 2366 1583 2409 statuu
