2003 2876
783 177 837 234 28³
952 174 1161 232 (18)
1277 175 1332 230 ²3<

347 302 565 344 nunquam
597 287 704 341 carpi
737 287 1058 330 observavimus.
1104 284 1257 326 Eadem
1289 283 1332 323 in
1362 279 1530 337 regione
1559 284 1781 326 Sclavoniae

348 378 585 433 campestri,
620 379 659 419 ἃ
683 377 877 418 humecta
902 375 1059 429 ubique
1088 373 1237 420 obvia5
1267 372 1308 413 in
1341 370 1556 426 provincia
1579 372 1780 427 Posegana

348 469 562 511 montibus
595 466 744 515 clausa,
781 467 964 518 siccaque
998 463 1037 502 se
1063 462 1180 504 nobis
1206 475 1292 503 non
1324 460 1506 512 obtulit,
1546 461 1617 501 nisi
1650 460 1783 502 solita-

348 559 430 608 ria,
470 555 664 609 tristique
697 555 869 605 habitu,
908 561 1187 607 praeterquam
1219 553 1260 593 in
1291 552 1515 594 humilibus
1548 552 1594 592 ad
1627 547 1786 594 Illo-vam

349 661 537 700 amnem,
577 646 830 699 rursumque
863 645 911 685 ad
941 643 1161 685 medicatas
1191 642 1233 684 in
1267 639 1459 684 Daruva'r
1491 653 1616 696 aquas
1650 638 1782 681 adficis

350 740 473 791 locis,
505 737 656 793 quibus
681 736 925 790 frequenter
952 733 1200 787 comparuit.

544 830 817 882 Quamquam
843 821 1012 864 aestuosa
1031 823 1111 863 hac
1135 823 1228 864 anni
1254 822 1500 877 tempestate
1533 823 1688 864 ficcatis
1719 836 1784 877 pa-

351 920 514 962 ludibus
550 913 684 958 Darda
717 911 928 966 Effiekinum
961 913 1205 965 expeditum
1237 913 1350 954 foret
1383 914 1488 964 iter,
1527 915 1555 954 si
1594 913 1788 954 rusticam

352 1019 494 1050 tenere
515 1007 625 1076 viam
649 1002 882 1059 placuiffet,
920 1017 1009 1044 eam
1035 1013 1199 1054 tamen,
1241 1016 1334 1057 quae
1363 1003 1558 1056 longioris
1585 1004 1787 1057 temporis

351 1099 435 1146 est,
469 1096 664 1152 elegimus
681 1125 692 1145 ‚
725 1103 774 1134 ut
798 1108 870 1147 per
899 1107 1078 1141 novam,
1107 1091 1293 1132 manibus
1320 1092 1542 1132 hominum
1566 1105 1699 1146 nuper
1724 1092 1788 1134 ex‘-

351 1189 517 1229 altatam
548 1187 659 1227 viam
691 1184 730 1224 in
758 1185 904 1223 urbem
925 1182 1232 1222 inveheremur.
1273 1182 1329 1221 Ea
1357 1179 1421 1222 via
1451 1176 1659 1230 Effi’kinum
1683 1182 1790 1224 inter

354 1277 393 1318 &
425 1273 556 1330 Bellye
584 1271 779 1320 interest,
810 1271 1091 1325 perduciaque
1115 1268 1175 1310 est
1206 1270 1252 1310 ad
1280 1270 1426 1312 lineam
1455 1272 1562 1312 reaia
1586 1286 1660 1325 per
1682 1273 1790 1314 sum-·

352 1379 473 1407 mum
495 1364 649 1419 aggeris
674 1362 840 1411 audaci,
874 1363 914 1404 &
937 1362 1062 1418 digno
1095 1360 1231 1414 priscis
1257 1361 1449 1402 Romanis
1485 1376 1610 1416 opere
1639 1364 1792 1414 paludi-

353 1459 430 1499 bus
459 1454 644 1503 instrati,
687 1452 903 1506 ternisque
936 1451 1164 1506 magnificae
1196 1449 1406 1491 strueturae
1436 1453 1637 1505 pontibus
1669 1453 1793 1495 inter-

354 1547 449 1599 cist,
479 1556 606 1600 atque
632 1542 828 1595 utrinque
855 1550 1058 1595 perpetua
1083 1541 1243 1596 proceri
1276 1541 1519 1583 incrementi
1547 1542 1710 1583 salicum
1735 1544 1794 1584 se-

355 1638 413 1679 rie
435 1634 679 1690 marginati,
716 1632 856 1671 futura
886 1640 1141 1684 perpetuum
1167 1632 1213 1672 ad
1247 1631 1434 1683 posteros
1464 1642 1793 1674 monumentum

356 1723 627 1782 providentiae
673 1723 891 1764 MARIAE
945 1722 1282 1764 THERESIAE
1349 1722 1667 1765 AUGUSTAE
1688 1754 1700 1773 ‚
1753 1723 1795 1764 iti

357 1815 473 1871 quod
500 1811 713 1867 Hungari,
746 1813 1048 1866 Sclavonesque
1076 1811 1296 1852 immensos
1322 1825 1427 1864 pene
1463 1812 1626 1852 sumtus
1660 1812 1795 1853 libera*

357 1907 450 1949 liter
477 1903 708 1945 contulere.
741 1907 875 1958 Agger
898 1903 966 1943 hic
996 1903 1143 1942 Dravo
1176 1901 1258 1955 ipsa
1285 1902 1396 1942 urbis
1422 1902 1573 1944 moenia
1603 1903 1794 1955 alluenti;

359 1999 396 2041 &
419 1996 583 2037 sublicio
607 2007 680 2048 per
701 2006 799 2033 eum
821 1992 999 2034 fluvium
1025 1992 1219 2046 pertenso
1244 1993 1365 2045 ponti
1400 1993 1592 2033 adversus
1617 1993 1701 2034 fere
1728 2004 1797 2034 oc*

360 2087 516 2137 currit,
555 2084 821 2135 'sti·u&iisque
858 2081 917 2123 est
940 2114 952 2132 ,
1003 2091 1050 2123 ut
1085 2062 1207 2135 ponti
1246 2081 1344 2121 olim
1372 2078 1584 2134 Effi’kz'num
1619 2082 1727 2123 inter
1757 2084 1797 2125 δὲ

362 2172 534 2219 Dardam
573 2171 779 2214 continuis
815 2171 1029 2226 paludibus
1062 2171 1236 2213 instrato
1261 2203 1273 2223 ,
1315 2171 1379 2212 sed
1416 2171 1604 2220 subjeetis
1635 2172 1796 2228 ignibus

362 2267 552 2308 absumto
587 2263 890 2317 suppleretur,‘
916 2263 954 2306 δε
987 2264 1203 2307 tolleretur
1234 2262 1450 2317 aliquando
1484 2262 1671 2311 infamia,
1715 2277 1797 2318 qua

1659 2353 1740 2394 fre·
