2003 2876
662 163 715 220 2:33
831 164 1042 221 (23)
1157 164 1213 220 ΣΞ

219 271 486 328 frequentare
512 275 738 326 dicuntur,
770 275 889 318 mites
914 275 1042 329 adeo,
1073 276 1114 319 &
1142 275 1336 330 innocui,
1369 278 1419 320 ut
1450 278 1659 335 piscatori-

219 362 297 403 bus
322 364 452 405 somni
488 362 616 407 caussa
645 367 764 408 humi
793 365 925 410 stratis
955 366 1078 408 medii
1105 368 1186 409 fine
1215 382 1322 410 noxa
1353 368 1658 421 interjaceant5

219 464 398 507 propter
419 458 536 510 quod
563 470 714 499 eorum
735 457 914 511 aliquem
941 458 1112 500 mactare
1146 460 1256 501 nefas
1284 460 1475 512 ducitur,
1514 472 1566 502 ne
1586 473 1658 502 cae-

215 543 268 584 de
292 544 414 585 unius
438 546 584 587 irritati
611 546 747 587 caeteri
776 547 1133 589 mansuetudinem
1155 550 1377 603 deponant.

408 632 538 672 Insula
576 633 655 672 hac
688 632 781 672 anni
817 633 1065 686 tempestate
1096 637 1290 679 omnibus
1313 670 1326 691 ,
1373 651 1654 699 praeterquam

216 720 290 771 iis,
321 720 474 774 quibus
494 734 663 762 coenum
686 735 774 762 non
795 721 956 774 sordet,
989 722 1180 765 inaccessa
1199 726 1302 778 fuit,
1331 730 1446 783 quod
1465 735 1656 776 consum-

215 810 268 852 tis
288 811 492 862 siccitate,
525 824 619 865 quae
640 811 860 852 arundines
885 809 1109 854 inter-luere
1142 815 1300 868 solent,
1331 819 1450 873 aquis
1476 821 1654 874 pedestri

214 902 348 944 solum
370 902 517 943 itinere
539 901 587 942 ad
621 901 743 955 ipsam
771 901 932 956 piscinae
967 916 1082 945 oram
1114 906 1322 958 perveniri
1347 906 1504 961 poffet3
1535 912 1653 965 quod

213 1002 390 1046 propter
420 991 539 1032 humi
570 991 787 1033 mollitiem
824 992 1016 1034 intutum
1050 991 1127 1035 esse
1161 994 1405 1044 constabat;
1442 1002 1581 1042 mersis
1612 1001 1656 1043 in

214 1096 339 1125 coeno
360 1084 601 1123 lumborum
623 1091 748 1124 tenus
771 1083 1020 1125 hominibus.
1054 1086 1154 1137 Qua
1173 1084 1212 1126 in
1231 1098 1274 1126 re
1304 1089 1450 1129 malam
1471 1090 1654 1136 nostram

214 1174 431 1214 fortunam
473 1171 751 1226 maximopere
793 1173 1090 1226 incusavimus,
1131 1175 1317 1218 dolentes
1338 1209 1350 1229 ,
1395 1181 1653 1224 occasionem

214 1263 331 1304 nobis
366 1271 556 1315 ereptam
586 1261 669 1301 five
700 1262 851 1315 plantis
879 1262 1119 1319 stagnorum
1149 1265 1313 1318 incolis,
1353 1269 1436 1309 five
1458 1270 1654 1325 diverfis,

213 1352 254 1394 &
277 1352 391 1392 forte
413 1351 533 1392 novis
564 1351 807 1404 aquatilium
835 1354 1058 1394 volucrum
1082 1354 1326 1408 generibus,
1359 1370 1538 1411 quarum
1564 1375 1656 1416 gre-

211 1455 280 1499 ges
305 1455 390 1482 non
420 1441 548 1481 solum
580 1453 705 1493 aquas
730 1441 803 1481 has
830 1441 1127 1495 frequentant,
1166 1444 1233 1484 sed
1256 1446 1379 1487 etiarn
1411 1448 1521 1489 inter
1544 1464 1653 1491 care·

212 1533 299 1582 Sta,
332 1529 540 1584 ssinSkaque
567 1529 727 1583 piscinae
748 1530 947 1584 praetensa
976 1532 1186 1586 copiosam
1215 1535 1418 1588 pullitiem
1446 1538 1650 1590 educant,

210 1625 290 1666 [ine
312 1624 448 1664 labore
469 1619 670 1675 potiendi.
699 1620 867 1672 Juvabit
887 1630 1026 1662 tamen
1050 1637 1199 1676 paucas
1213 1655 1225 1675 ‚
1257 1638 1437 1679 quarum
1455 1629 1653 1681 quasdam

209 1724 307 1756 tum
326 1711 558 1766 accepimus
575 1743 587 1763 ,
617 1711 708 1752 alias
730 1711 808 1761 jam
832 1711 1046 1766 quondam
1067 1711 1215 1754 eodem
1237 1726 1259 1754 e
1287 1716 1380 1756 loco
1403 1713 1530 1758 mistas
1556 1720 1652 1761 Mu·

209 1805 287 1846 fleo
309 1803 551 1854 intulimu3‚
583 1806 803 1844 recensere.
835 1805 883 1844 In
904 1802 967 1843 his
1001 1802 1097 1844 sunt
1113 1800 1304 1858 scolopax
1326 1802 1505 1857 calidris,
1531 1805 1649 1862 galli·

208 1906 314 1950 nago
329 1924 342 1945 ,
373 1891 520 1947 limosa3

399 1983 591 2041 Scolopax
611 1983 792 2040 glottis?
822 1984 970 2027 Rostro
1001 1985 1156 2027 sursum
1180 1993 1435 2040 recurvato,
1467 1996 1566 2030 toto
1592 1989 1651 2030 ni-

205 2089 309 2131 gro3
333 2087 514 2131 corpore
534 2078 678 2118 subtus
697 2077 847 2125 niveo,
878 2077 1049 2131 pedibus
1070 2078 1311 2121 virescenti·
1325 2077 1462 2133 nigris.
1493 2079 1647 2121 Restri-

206 2181 273 2209 ces
301 2166 486 2218 extimae,
516 2167 558 2208 in
580 2169 711 2208 altero
734 2166 878 2209 nostro
900 2167 1118 2221 specimine
1143 2170 1238 2212 sunt
1262 2171 1358 2213 albae
1378 2170 1494 2212 fusco
1514 2169 1648 2211 fascia-

206 2267 284 2309 tae‚
317 2257 359 2300 in
382 2258 512 2299 altero
539 2266 644 2301 totae
665 2259 760 2300 albae
785 2258 1069 2300 immaculatae.

1457 2348 1589 2393 Scolo-
