1916 2805
702 131 757 188 ἓξ
871 133 1113 189 (136)
1229 133 1285 190 ss

271 254 474 298 movent,
507 252 760 297 motamque.
786 243 834 284 ad
862 244 1048 285 culmum
1081 243 1267 285 exaltant.
1322 243 1558 285 Herbarum
1585 245 1704 288 inuti·

266 339 366 379 lium
395 333 487 375 satis
514 333 880 375 internascentium
914 333 1083 385 eadem,
1122 347 1216 388 quae
1247 333 1408 385 ubivis,
1439 334 1612 375 varietas
1623 348 1637 382 3
1665 335 1708 377 in

268 426 421 482 quibus
443 425 482 467 &
504 434 638 466 ervum
664 420 961 477 tetraspermum
976 453 989 473 ,
1024 423 1063 464 δε
1088 420 1225 463 viciam
1249 418 1495 477 pffiformem‚
1525 423 1563 464 &
1587 420 1710 478 lathy-

266 528 351 559 rum
384 512 570 567 hirJutum
601 513 846 568 reperimus.
891 512 968 554 Sed
989 525 1076 554 non
1107 513 1177 554 alia
1206 513 1406 563 majorem
1437 513 1507 554 dat
1538 526 1712 562 noxam,
1776 540 1778 543 -

269 618 399 660 quam
431 602 591 645 bromus
615 601 849 656 secalinus‚
888 615 1018 658 quem
1048 603 1156 643 inter
1187 602 1345 657 segetes
1379 602 1548 654 culmis,
1578 603 1710 657 spicis-

274 707 361 750 que
390 694 447 735 ita
474 694 753 734 eluxuriatum
780 693 959 735 vidimus
977 725 989 746 ,
1030 695 1143 748 quasi
1179 693 1207 732 fi
1240 692 1413 747 agricola
1439 693 1528 743 eius
1562 693 1712 734 semina

271 783 427 838 pariter
457 797 555 824 cum
579 782 720 824 tritico
742 780 951 837 sparsisset.
989 781 1190 826 Infestum
1219 782 1257 823 id
1281 796 1451 837 gramen
1478 797 1500 824 a
1528 783 1619 824 satis
1651 796 1712 824 ar-

272 873 355 914 ceri
375 870 487 928 poffe
508 871 805 924 existimamus,
831 875 858 913 fi
879 872 1063 926 primum
1087 885 1185 913 cura
1208 873 1257 913 fit
1272 904 1284 923 ,
1315 879 1365 912 ut
1386 885 1563 925 purum,
1587 881 1712 926 atque

274 965 323 1004 ab
354 963 492 1003 alienis
516 961 650 1016 granis
674 962 950 1002 emundatum
977 963 1116 1002 semen
1144 971 1265 1002 terrae
1292 961 1540 1007 mandetur3
1569 961 1713 1002 deinde

274 1050 458 1092 restibilis
487 1049 581 1104 post
604 1050 920 1092 frumentorum
948 1045 1113 1090 meffem
1141 1062 1236 1105 ager
1270 1049 1358 1099 ejus
1392 1058 1549 1090 naturae
1567 1050 1714 1104 plantis

274 1141 543 1192 conseratur,
574 1152 668 1194 quae
686 1138 834 1181 affidua
854 1140 1123 1191 runcatione,
1155 1139 1194 1181 &
1214 1138 1438 1193 frequente
1465 1147 1586 1180 terrae
1609 1140 1718 1182 inter

277 1231 430 1271 semina
454 1229 748 1272 commotione
775 1241 883 1285 opus
911 1231 1094 1282 habent,
1124 1242 1176 1270 ne
1204 1241 1298 1284 quae
1326 1229 1506 1271 subnatae
1529 1230 1625 1272 sunt
1651 1230 1720 1272 ini-

281 1321 395 1363 micae
417 1323 576 1373 herbae,
609 1319 764 1376 poffint
789 1330 985 1376 tempore
1014 1320 1312 1364 convalescere.

472 1414 521 1455 In
542 1412 741 1454 metendo
779 1412 910 1454 secula
943 1421 1141 1454 utuntur.
1195 1407 1368 1453 Meffem
1399 1423 1498 1451 cum
1533 1410 1720 1465 primum

281 1502 530 1557 opportunis
557 1502 706 1544 solibus
737 1501 903 1555 perusta
929 1501 1076 1543 inaruit
1094 1530 1107 1549 ,
1146 1499 1186 1540 in
1212 1512 1302 1540 area
1330 1498 1416 1552 ipso
1442 1499 1482 1540 in
1512 1514 1612 1556 agro
1633 1514 1725 1555 per-

276 1592 478 1633 mundata
504 1592 643 1634 inaffis
670 1591 867 1642 jumentis
902 1598 1127 1642 exterunt,
1169 1589 1283 1629 nullo
1313 1590 1555 1630 baculorum
1575 1591 1624 1631 ad
1653 1592 1725 1632 tri-

287 1691 426 1723 turam
451 1682 553 1734 usu,
584 1692 862 1737 praeterquam
887 1681 928 1722 in
948 1681 1111 1722 secalina
1137 1681 1273 1736 segete
1295 1677 1623 1721 stramentorum
1640 1694 1726 1736 gra-

286 1773 344 1814 tia
365 1804 377 1825 ‚
410 1784 504 1826 quae
551 1769 774 1826 mapalibus
817 1771 1003 1827 tegendis
1034 1769 1290 1815 custodiunt.
1330 1768 1411 1810 Soli
1441 1777 1609 1811 tantum
1636 1770 1727 1813 zeae

288 1876 405 1918 mays
441 1861 584 1914 meffi,
631 1863 751 1903 velut
786 1862 1000 1911 uberiori,
1041 1864 1201 1905 tectum
1230 1870 1390 1916 parant.
1431 1860 1479 1903 Ei
1507 1861 1728 1903 condendae

288 1951 468 2006 granaria
497 1951 625 2006 lignea
655 1953 903 2007 plerumque
931 1950 1156 1994 viminibus
1188 1960 1303 1992 texta
1334 1951 1535 1993 columnis
1564 1952 1728 2007 suspen-

290 2043 420 2093 dunt,
453 2050 503 2082 ut
522 2041 684 2095 perflari
710 2042 893 2097 undique
921 2051 1049 2097 atque
1077 2042 1201 2084 etiam
1230 2057 1251 2083 a
1276 2041 1405 2083 fundo
1430 2039 1599 2095 poffint.
1631 2044 1729 2085 Fru—

294 2141 540 2175 mentorum
567 2146 690 2188 grana
723 2133 764 2173 in
790 2132 888 2174 arcis
917 2132 1058 2188 ligneis
1088 2147 1109 2172 a
1136 2141 1244 2174 terra
1264 2131 1453 2172 ‘exaltatis
1478 2133 1728 2175 recondunt.

289 2223 531 2265 Molituram
558 2222 697 2265 rustici
721 2223 792 2278 ipfi
823 2223 1105 2266 administrant
1124 2254 1138 2275 ,
1183 2222 1370 2277 plurimis
1400 2222 1448 2263 ad
1481 2235 1571 2264 eam
1602 2224 1722 2266 molis

1528 2314 1674 2355 excita·
