1916 2805
640 142 696 195 ΣΞ
813 140 1052 197 (135)
1169 141 1224 197 23<

194 252 469 308 respondeat,
490 264 683 307 peneque
712 253 825 294 locus
847 266 932 294 non
960 253 1157 307 superfit,
1190 253 1264 308 qui
1288 253 1537 309 graminibus
1559 255 1640 296 uti·-

200 343 295 385 liter
325 343 481 398 disponi
513 341 651 397 poslit.
692 343 768 384 Sed
801 344 888 384 haec
918 344 1056 386 defidis
1086 345 1363 399 plerumque,
1404 355 1478 386 aut
1511 343 1639 399 ignari

197 432 335 474 coloni
358 432 558 474 incusatio
584 433 753 486 potius,
784 446 912 488 quam
937 433 1139 474 excusatio
1162 432 1238 475 esse
1267 435 1394 486 solet,
1426 434 1501 489 qui
1527 435 1639 476 malit

197 522 339 576 pecori
363 523 506 577 potius
534 523 680 577 sponte
703 532 795 564 nata
818 525 961 578 pabula
982 537 1004 564 e
1032 534 1154 578 prato
1173 534 1315 580 petere
1330 556 1342 576 ,
1374 538 1501 579 quam
1525 537 1570 566 ea
1598 524 1641 565 in

197 627 297 670 agro
322 626 474 668 parare.

389 704 525 756 Agros
540 732 552 750 ,
584 700 856 753 quantumvis
875 700 1131 753 ficciffimoe,
1175 703 1216 744 in
1239 702 1428 758 angustas
1451 705 1539 746 liras
1567 704 1642 746 dis-

195 798 392 847 ponunt,
432 802 520 829 non
551 788 621 829 alia
658 789 819 831 ratione
841 823 853 843 ,
897 804 1024 847 quam
1059 791 1176 846 quod
1217 806 1306 833 eam
1345 793 1430 847 agri
1463 794 1640 835 formam

195 879 378 923 ubertati
404 878 575 933 frugum
596 878 822 932 plurimum
849 881 1081 923 conducere
1114 882 1378 923 arbitrantur.
1410 884 1458 924 In
1483 882 1641 924 semen-

196 980 239 1013 te
266 970 447 1011 facienda
476 982 574 1010 eum
606 969 772 1011 servant
803 971 1015 1022 ordinem,
1047 981 1096 1013 ut
1131 972 1320 1014 triticum
1352 974 1571 1015 hibernum
1595 975 1637 1015 in

194 1060 418 1112 verva&0‚
451 1060 491 1101 in
515 1058 676 1101 restibili
698 1075 797 1117 agro
825 1062 1008 1116 primum
1032 1062 1156 1105 Zeam
1182 1076 1297 1118 mays
1322 1063 1456 1105 serant
1473 1096 1485 1116 ‚
1519 1065 1585 1117 &‚
1613 1065 1641 1106 fi

196 1152 306 1195 vires
336 1152 420 1207 agri
452 1152 585 1192 ferant:
606 1183 619 1202 ‚
663 1152 831 1194 tertiam
867 1153 1004 1194 adhuc
1034 1153 1159 1194 aestivi
1188 1154 1402 1204 cujusdam
1436 1154 1640 1196 frumenti

193 1245 381 1299 segetem
403 1243 536 1283 eidem
560 1255 658 1298 agro
683 1243 920 1296 imperent3
960 1245 1016 1284 sin
1040 1243 1202 1293 minus,
1235 1242 1330 1297 post
1357 1244 1466 1285 binas
1492 1243 1637 1289 messes

195 1334 436 1388 requietum
460 1331 688 1386 patiuntur.
720 1332 811 1373 Zeae
840 1347 959 1388 mays
990 1333 1076 1374 duo
1100 1333 1196 1374 sunt
1227 1346 1374 1388 genera
1392 1365 1404 1384 ‚
1435 1335 1522 1376 solo
1550 1350 1639 1392 gra·

188 1436 347 1471 *norum
376 1424 515 1463 colore
541 1423 632 1462 albo
653 1453 665 1472 ‚
710 1423 748 1464 &
771 1422 882 1464 flavo
910 1425 1095 1471 diversa3
1127 1424 1271 1465 melius
1291 1453 1304 1472 ,
1336 1424 1452 1478 quod
1480 1425 1638 1468 flavum

193 1512 264 1554 est.
294 1511 480 1565 Utrique
500 1510 616 1565 fungi
641 1511 850 1565 quoddam
871 1525 1002 1567 genus
1017 1544 1030 1564 ,
1059 1515 1108 1554 ad
1133 1514 1387 1568 lycoperdon
1409 1514 1638 1567 pertinens,

193 1602 390 1646 infestum
412 1600 497 1654 est,
529 1602 684 1643 tenellae
721 1601 810 1652 ejus
833 1601 949 1656 spicae
972 1603 1239 1655 innascendo,
1270 1616 1446 1658 eamque
1470 1605 1638 1658 penitus

193 1694 403 1737 enecando
419 1723 430 1740 ‚
460 1705 591 1747 quem
612 1690 940 1746 frequentissime
971 1694 1149 1735 subnasci
1175 1694 1319 1745 ajunt,
1349 1696 1377 1736 fi
1411 1694 1516 1736 idem
1542 1709 1638 1753 ager

193 1784 374 1839 repetita
397 1782 486 1825 Zeae
510 1783 692 1824 semente
719 1783 1029 1837 frequentetur.
1068 1783 1229 1824 Semina
1260 1783 1351 1826 Zeae
1386 1784 1426 1825 in
1456 1785 1637 1838 superio-

193 1890 239 1919 re
263 1874 486 1931 provmciae
508 1874 643 1915 transtu
677 1873 861 1914 manibus
885 1875 1133 1929 plerumque
1164 1887 1281 1929 aequa
1304 1873 1490 1916 distantia
1515 1875 1639 1929 depo-

194 1975 329 2013 nunt;
359 1965 400 2006 in
431 1962 624 2005 inferiore
658 1963 972 2006 frumentorum
997 1963 1118 2005 instar
1148 1964 1331 2016 jaciunt,
1365 1978 1549 2020 cumque
1569 1966 1638 2006 de-

193 2057 284 2099 inde
308 2055 389 2105 jam
413 2054 573 2108 aliquot
595 2053 793 2095 foliorum
817 2054 976 2096 fuerint
991 2087 1003 2107 ‚
1035 2067 1326 2109 quascumque
1349 2051 1465 2108 spisse
1487 2055 1554 2096 fibi
1573 2056 1639 2097 ad-

192 2157 307 2190 natas
326 2145 470 2187 vident
494 2145 676 2199 plantas,
709 2144 979 2187 intervellunt
994 2177 1007 2197 ,
1039 2154 1113 2195 ut,
1136 2157 1230 2200 quae
1253 2144 1396 2186 relhstae
1421 2145 1517 2186 sunt
1531 2175 1543 2195 ‚
1575 2145 1639 2197 iu-

193 2237 294 2280 stam
317 2235 524 2278 laxitatem
545 2235 722 2277 habeant
735 2248 749 2282 3
779 2247 871 2290 quo
902 2235 1028 2276 etiam
1047 2243 1242 2290 tempore
1271 2235 1431 2277 sarculis
1455 2236 1633 2277 humum

1370 2333 1548 2367 movent
1562 2356 1575 2375 ,

1749 1022 1775 1045 Ο
