2003 2876
868 131 1363 189 23³(8)³‹'.³

404 241 487 282 tius
517 243 566 283 fit
596 240 925 293 procrastinando
955 243 1240 284 maturitatem
1265 242 1478 282 fruStuum
1505 241 1545 281 in
1569 243 1827 299 paucos-dies

404 331 586 382 differre,
621 344 747 383 quam
764 331 989 372 festinando
1010 332 1208 372 universae
1224 332 1280 371 rei
1307 331 1535 384 periculum
1557 331 1704 371 subire.
1744 334 1830 373 Cae-

407 428 548 460 terum
581 420 813 460 vinitorum
843 419 1084 460 Budenlium
1121 422 1372 478 diligentiam
1411 419 1651 462 testimonio
1689 420 1831 462 nostro

406 510 589 550 fraudare
611 521 695 548 non
718 505 958 560 poffumus3
998 509 1136 551 vineas
1162 510 1271 551 enim
1302 510 1401 551 nihil
1436 510 1570 550 minus
1598 509 1831 564 diligenter,

403 606 678 651 accurateque
703 599 1013 652 colunt,quam
1037 602 1210 652 hortos,
1244 614 1429 654 quorum
1458 599 1690 640 imitatione
1726 599 1832 639 vites

404 688 445 728 in
464 687 646 737 ordines,
678 688 884 742 seriesque
902 688 1109 743 dispositas
1142 692 1309 732 habent.
1380 690 1446 731 De
1476 688 1577 729 vino
1599 719 1610 738 ,
1653 688 1768 741 quod
1795 687 1835 727 in

409 778 471 818 his
499 777 666 818 collibus
699 779 967 831 exprimitur,
998 781 1150 822 nemini
1183 781 1400 836 ignotum,
1434 779 1692 820 celeberrima
1728 779 1834 818 fama

405 865 555 907 illustre
584 863 687 912 effes
719 878 803 920 quo
831 869 957 923 magis
989 870 1166 922 mirum,
1199 870 1236 910 id
1265 870 1553 924 infrequenter
1589 869 1636 908 ad
1669 877 1833 908 exteros

408 956 647 1008 exportari,
700 956 872 1010 fereque
908 959 1184 1014 contingere,
1216 969 1266 1000 ut
1297 972 1467 1000 omnem
1502 955 1834 1012 ampliffimarum

407 1045 624 1086 vinearum
645 1047 803 1087 usuram
824 1048 891 1088 soli
910 1048 1119 1089 domestici
1140 1049 1386 1102 dependant.
1447 1048 1521 1088 His
1543 1048 1712 1087 collibus
1740 1058 1835 1087 con-

407 1135 589 1176 tinentes
611 1136 705 1176 sunt
727 1136 776 1176 illi
797 1168 808 1187 ‚
841 1138 991 1190 quibus
1011 1150 1138 1191 pagus
1163 1134 1474 1177 Pron-zontorium
1493 1137 1715 1189 appellatus
1747 1135 1835 1175 sub-

407 1225 525 1276 jacet.
588 1226 750 1276 1i‚cum
777 1225 904 1264 nihilo
919 1225 1137 1266 deterioris
1163 1225 1328 1265 fluxurae
1346 1225 1451 1266 vites
1475 1227 1604 1275 alant,
1639 1239 1689 1266 eo
1712 1226 1837 1267 etiam

407 1314 690 1355 memorabiles
714 1314 946 1367 sunt‚qu0d
969 1315 1142 1368 plurima
1163 1318 1418 1358 concharum
1444 1330 1604 1371 genera,
1625 1316 1711 1357 alibi
1729 1330 1838 1357 acer-

406 1403 536 1445 vatim
556 1405 745 1459 congesta
760 1434 770 1453 ‚
789 1404 876 1445 alibi
893 1405 1099 1457 speciebus
1121 1405 1296 1454 secreta,
1321 1406 1452 1446 veluti
1476 1396 1692 1447 ostraciten
1717 1421 1834 1447 mon·

405 1492 615 1535 struosum
656 1491 902 1545 Bertrandi,
939 1496 1011 1535 sul)
1043 1496 1207 1536 summo
1252 1495 1436 1550 argilloso
1477 1497 1561 1537 solo
1603 1497 1835 1538 continent.

408 1584 498 1625 Nec
532 1597 624 1624 raro
652 1584 909 1625 effodiuntur
939 1585 1124 1639 ingentes
1151 1587 1278 1626 moles
1306 1599 1355 1626 ex
1390 1587 1556 1637 achate,
1586 1585 1765 1640 jaspide,
1798 1590 1837 1628 ἂν

409 1686 565 1714 corneo
599 1674 726 1727 lapide
758 1674 798 1714 in
832 1674 963 1714 vicem
990 1674 1167 1714 confusis
1191 1684 1513 1729 coagmentatae,
1546 1689 1638 1730 quae
1668 1690 1836 1718 omnem

409 1764 504 1819 ligni
540 1765 579 1805 in
611 1763 787 1818 lapidem
818 1764 951 1804 durati
994 1764 1297 1805 fimilitudinem
1336 1767 1504 1808 habent.
1570 1765 1837 1810 Promontorio

410 1854 548 1906 priscis
573 1853 831 1906 temporibus
856 1867 1010 1894 nomen
1033 1850 1220 1908 Campona
1240 1854 1342 1902 fuit,
1360 1855 1426 1896 ubi
1448 1857 1610 1910 equites
1643 1858 1839 1900 Dalmatae

410 1943 482 1983 sub
500 1943 620 1983 Duce
639 1944 856 1984 Pannoniae
873 1944 1039 1985 Valeriae
1058 1945 1319 1985 excubabant.
1378 1947 1442 1987 Eo
1462 1948 1556 1988 loco
1574 1952 1696 1990 Anno
1733 1960 1839 2003 1779

412 2033 582 2074 inventa
599 2033 658 2074 est
686 2035 878 2075 columna
911 2032 1108 2085 milliaria,
1142 2035 1310 2075 nomine
1345 2051 1390 2076 ac
1419 2037 1546 2078 titulis
1579 2036 1720 2078 Severi
1756 2035 1836 2080 Ale-

411 2120 554 2164 xandri
580 2118 744 2176 Augusti
774 2122 995 2177 inscripta,
1027 2132 1154 2178 atque
1189 2124 1237 2166 a'b
1271 2122 1444 2180 Aquinco
1477 2124 1577 2168 Mill.
1609 2126 1698 2183 pqffi
1731 2124 1838 2169 V111.

415 2212 699 2265 praeseferens,
730 2213 776 2253 ad
806 2212 926 2264 cujus
958 2216 1224 2257 monumenti
1256 2218 1381 2259 fidem
1410 2220 1469 2259 Cl.
1504 2216 1761 2269 Sclmnvffner
1799 2219 1840 2261 in

1655 2312 1784 2350 Com·
