1916 2805
664 133 720 191 εει
837 103 1094 193 (1175
1190 138 1246 193 ts:

220 248 292 281 eos
317 241 367 283 ab
399 240 602 297 imperitis
628 246 829 288 Valachos
861 247 1037 290 vocitari
1059 246 1234 305 coepisle.
1272 251 1348 293 Sed
1381 249 1498 301 haec,
1529 252 1568 295 δί
1594 253 1660 295 his

219 329 359 372 fimilia
381 330 564 375 historici
584 334 816 390 inquirunt.

410 423 688 479 Quicumque
711 425 934 480 provinciae
955 425 1047 470 sunt
1073 428 1301 484 indigenam
1338 431 1363 473 ii
1393 433 1556 487 proceri
1577 434 1668 488 ple·

223 522 406 566 rumque
439 513 536 554 sunt
567 514 812 557 incrementi
831 548 843 567 ,
882 530 1059 571 corpore
1095 533 1172 561 nec
1204 522 1362 574 obeso,
1409 535 1485 564 nec
1515 523 1656 564 rursus

218 602 490 654 macerrimo,
522 602 587 643 sed
613 612 755 645 tamen
777 617 918 647 macro
945 606 1159 648 viciniore.
1191 608 1377 650 Vestitus
1400 610 1497 652 viris
1518 614 1567 654 ab
1591 613 1656 654 illo

217 691 518 745 Hungarorum
547 704 693 744 parum
725 693 935 743 diversus,
965 694 1101 736 aestate
1128 698 1377 752 plerumque
1410 701 1568 754 lineue,
1599 704 1658 745 in-

217 778 332 820 dufio
366 779 451 820 fere
484 779 530 819 ad
556 792 689 835 genua
720 782 989 835 pertinente,
1024 792 1153 838 atque
1184 785 1232 825 ad
1259 787 1423 829 lumbos
1458 803 1562 831 zona
1588 794 1658 834 ad-

216 868 381 921 stristQ
411 868 479 911 cui
500 870 651 911 laneam
669 871 864 924 brevem,
894 884 988 914 raro
1006 872 1237 926 candidam,
1259 875 1464 931 saepiffime
1483 879 1655 930 fuscam,

215 962 255 1004 ὅτ
273 964 385 1017 quast
410 958 540 1003 adusti
563 961 714 1002 coloris
745 961 929 1004 tunicam
945 992 958 1012 ,
989 963 1125 1005 rubeo
1145 994 1158 1015 ,
1196 974 1270 1006 aut
1295 969 1482 1009 coeruleo
1508 970 1656 1026 margi-

213 1060 352 1093 natam
385 1050 689 1104 superinduunt
713 1080 726 1101 ‚
767 1051 1121 1107 quotiescumque
1155 1054 1371 1098 decentius
1405 1056 1657 1100 vestiuntur.

216 1144 385 1185 Barbam
412 1141 568 1191 nunus,
600 1140 797 1197 mystaces
829 1141 995 1196 plurimi
1025 1144 1154 1184 alunt.
1193 1144 1398 1200 Capillum
1425 1155 1543 1188 retro
1568 1148 1657 1188 reli-

212 1241 334 1287 gant,
361 1244 498 1286 neque
523 1242 708 1284 unquam
732 1231 963 1287 negiescum
984 1233 1148 1275 habent.
1178 1235 1320 1288 Caput
1346 1236 1543 1293 integunt
1563 1251 1661 1291 pan·
1696 1231 1703 1235 “

213 1334 294 1363 neo
317 1321 499 1375 quodam
526 1321 776 1374 operimenti
796 1334 945 1377 genere
967 1323 1062 1363 coni
1085 1324 1295 1376 truncati,
1325 1335 1400 1367 aut
1427 1327 1524 1368 semi
1539 1351 1556 1360 -
1577 1328 1657 1369 elli-

211 1412 366 1466 ptoidis
388 1425 496 1451 cavae
513 1411 645 1465 figura
666 1410 810 1461 rubei,
835 1412 902 1453 vel
926 1413 1097 1455 coerulei
1120 1415 1280 1456 coloris.
1313 1418 1405 1458 Nec
1423 1417 1560 1459 minus
1580 1419 1656 1460 foe·

210 1502 417 1544 minarum
445 1500 575 1541 lineus
605 1498 665 1540 est
688 1499 891 1550 vestitus,
921 1513 1077 1556 praeter
1102 1505 1213 1545 lanea
1238 1505 1339 1547 varii
1366 1506 1542 1558 coloris,
1574 1509 1655 1561 ple-

210 1604 393 1646 rumque
416 1591 575 1646 virgata
603 1590 847 1632 semicinffia
865 1622 878 1643 ,
911 1604 1005 1646 quae
1031 1593 1124 1634 bina
1150 1593 1309 1647 semper
1333 1595 1530 1637 deferunt
1559 1604 1656 1636 ante

211 1683 251 1724 &
273 1691 390 1723 retro
410 1679 597 1732 mecha,
622 1666 738 1736 'quast
768 1682 796 1721 fi
829 1691 939 1738 togae
963 1682 1146 1736 supplere
1177 1683 1318 1725 velint.
1358 1686 1502 1739 Caput
1527 1685 1657 1727 linteo

210 1785 297 1814 non
327 1772 522 1826 integunt
548 1771 680 1812 solum
702 1802 717 1822 ,
759 1772 825 1812 sed
853 1772 1094 1813 obvolvunt
1113 1803 1126 1821 ‚
1171 1773 1252 1814 sola
1286 1773 1386 1815 facie
1418 1774 1654 1829 conspicua.

210 1864 321 1903 Cum
350 1861 539 1902 ornatius
569 1860 826 1913 induuntur,
865 1861 1034 1916 corpori
1067 1862 1225 1917 nigram
1247 1864 1330 1904 fine
1355 1863 1521 1906 manicis
1546 1865 1657 1906 tuni-

209 1962 326 2001 cam,
356 1950 527 2004 pedibus
548 1953 659 1992 lanea
677 1950 842 1994 diverfis
864 1952 1070 1994 coloribus
1090 1952 1198 1994 varia
1223 1953 1367 1993 tibialia
1387 1962 1548 2006 aptant.
1579 1955 1654 1995 Sed

209 2040 355 2094 capitis
378 2041 611 2095 proecipuus
634 2040 694 2081 est
719 2051 892 2083 ornatus
906 2074 920 2093 ‚
952 2042 1177 2097 praeprimis
1199 2041 1344 2097 puellis
1359 2073 1372 2092 ,
1404 2041 1556 2095 quibus
1584 2056 1654 2085 ru-

207 2133 329 2175 beum
353 2132 544 2173 rotundae
571 2131 716 2172 formae
745 2132 887 2186 capitis
915 2140 1214 2174 ornamentum
1236 2130 1404 2186 potius,
1437 2143 1565 2185 quam
1594 2133 1654 2174 in-

208 2230 506 2278 tegumentum
530 2236 609 2278 pro
632 2223 729 2265 velo
757 2221 830 2264 est.
870 2224 1028 2279 Infigne
1050 2221 1122 2263 illis
1153 2220 1239 2271 est,
1269 2221 1426 2264 crinem
1454 2221 1651 2266 dentibus

869 2314 900 2353 P
934 2326 957 2365 3
1445 2312 1594 2354 anima·
