1916 2805
667 146 1217 206 233(103)233

222 253 360 308 pidem
383 254 581 297 duratum
604 255 654 297 illi
678 270 763 299 non
787 257 968 301 diffimile
984 291 997 313 ,
1028 259 1145 315 quod
1171 260 1212 302 in
1233 255 1341 301 Bucs
1364 271 1440 301 nos
1464 251 1656 299 invenisse

222 344 342 399 supra
363 345 636 388 meminimus.

412 437 487 478 XI.
518 437 603 479 Kal.
635 438 839 494 Augusti,
870 442 943 483 etsi
979 440 1059 490 iam
1086 440 1281 496 Posegam
1310 437 1654 494 respecstaremus,

222 535 307 564 non
332 523 466 579 piguit
496 534 634 566 tamen
667 528 834 569 meridie
858 528 899 569 in
930 527 1148 571 Kamensko
1180 531 1428 585 interpofito
1452 529 1532 569 iter
1562 540 1652 567 mo-

220 614 327 664 rari,
359 615 474 668 quod
505 615 604 655 salsae
631 616 842 666 cujusdam
866 630 983 672 aquae
1009 619 1205 660 indicium
1234 621 1352 661 nobis
1381 620 1535 660 faaum
1567 614 1652 665 est,

219 706 348 752 nulla,
382 705 494 744 velut
517 703 655 743 animo
676 716 1026 756 praeceperamus,
1058 706 1117 747 rei
1140 708 1329 749 veritate.
1359 712 1408 750 In
1432 710 1508 748 hac
1536 707 1654 747 velut

217 792 347 832 subita
374 791 642 844 procurlione
670 791 710 831 se
731 793 887 833 'obtulit
918 790 1112 848 Digitalis
1129 793 1377 853 ferruginea
1409 794 1569 849 pulchri
1596 793 1653 833 in-

216 880 417 921 crementi
446 881 584 934 planta
602 909 615 928 ‚
654 893 781 934 quam
810 882 954 923 deinde
982 882 1023 924 in
1058 881 1235 927 Czernek
1265 895 1467 940 quoque,
1503 883 1542 924 &
1572 881 1649 920 fre-

216 969 481 1026 quentiffime
517 970 558 1010 in
587 967 723 1024 Csepin
757 971 945 1013 vidimus.
986 975 1158 1017 Montes
1186 1006 1198 1027 ,
1236 976 1311 1030 qui
1341 971 1515 1016 Pakracz
1541 972 1650 1013 inter

216 1063 254 1103 &
281 1047 498 1103 Kainensko
523 1059 750 1112 intersunt,
781 1063 1025 1118 plerumque
1042 1065 1232 1111 calcarei;
1258 1065 1422 1119 quidam
1444 1077 1466 1103 e
1486 1061 1652 1113 schisto,

215 1152 400 1197 nonnulli
425 1165 448 1193 e
475 1150 606 1192 crudo
632 1150 850 1193 fornacum
877 1154 970 1195 saxo
1007 1152 1109 1197 Wal.
1141 1154 1362 1210 compositi
1392 1153 1503 1194 sunt.
1542 1152 1648 1193 Tor-

214 1245 397 1288 rentium
425 1253 564 1283 tamen
593 1252 616 1280 e
646 1241 861 1283 montibus
885 1243 1195 1286 decurrentium
1234 1247 1372 1286 alveos
1406 1240 1646 1298 fragmentis

213 1335 348 1391 quarzi
365 1366 376 1384 ,
407 1335 445 1376 &
469 1342 720 1374 corneorum
743 1332 917 1374 fiffilium
941 1334 1189 1376 fibrosorum
1207 1336 1421 1391 nigrorum
1446 1331 1651 1386 lapidum,

213 1425 253 1466 &
272 1422 439 1479 granitis
469 1431 643 1473 quoque
677 1422 850 1464 basaltici
885 1421 990 1466 Wal.
1021 1424 1255 1467 constratos
1283 1425 1535 1480 reperimus,
1569 1433 1651 1461 ma-

212 1510 362 1553 nifesto
383 1507 591 1550 nobilioris
614 1508 656 1549 in
679 1509 724 1549 iis
754 1519 910 1552 naturae
932 1523 1197 1566 argumento.

400 1602 434 1642 E
460 1595 677 1641 Kamensko
704 1600 924 1654 profeffls,
955 1616 1053 1644 cum
1079 1603 1162 1652 jam
1192 1601 1333 1660 Posega
1355 1606 1396 1646 in
1424 1602 1648 1658 conspectu

211 1691 333 1745 esset,
362 1693 473 1732 forte
496 1688 646 1731 obvius
674 1688 802 1731 faetus
821 1692 944 1745 spe&-
968 1694 1023 1733 D.
1050 1691 1188 1749 steph.
1213 1692 1450 1738 Markovicb
1475 1695 1648 1738 Provin-

210 1784 280 1825 cioe
306 1786 388 1824 Pro
407 1802 423 1810 -
442 1782 621 1830 Comes,
661 1780 858 1831 amicam,
887 1778 1155 1839 blandamque
1187 1798 1275 1828 non
1301 1786 1442 1827 invitis
1465 1785 1552 1827 vim
1580 1786 1646 1826 ad-

209 1872 354 1922 hibet,
395 1870 592 1924 facileque
626 1870 781 1911 evincit
805 1901 818 1921 ‚
862 1880 911 1913 ut
941 1873 990 1913 ad
1022 1869 1197 1918 Czernek
1230 1877 1562 1931 proficiscentem
1587 1877 1646 1916 se-

210 1974 447 2017 queremur.
478 1962 523 2002 In
547 1972 619 2009 ea,
649 1961 766 2001 velut
797 1961 961 2004 adsueta
985 1963 1065 2014 jam
1092 1966 1157 2007 via
1179 1998 1191 2017 ‚
1228 1968 1328 2008 solas
1358 1979 1494 2007 moras
1523 1979 1646 2008 mons

210 2052 258 2092 ad
286 2047 545 2100 Baniclbvacz
568 2039 732 2100 injecit,
761 2063 783 2091 e
808 2063 896 2105 quo
919 2053 1088 2107 lapidem
1114 2054 1330 2096 tricorium
1354 2055 1402 2096 ad
1428 2058 1553 2097 molas
1580 2056 1646 2098 de-

210 2142 306 2183 ferri
328 2138 617 2181 intelleximus.
647 2142 754 2182 Eum
777 2154 853 2182 nos
878 2142 927 2182 ad
953 2143 1030 2183 hos
1051 2144 1144 2184 usus
1169 2144 1340 2186 minime
1360 2146 1643 2188 adcommoda·

212 2241 308 2273 tum
330 2226 405 2272 effe
431 2229 780 2284 deprehendimus
797 2262 810 2281 ,
841 2215 959 2287 quod
981 2234 1031 2274 fit
1059 2232 1271 2286 informss,
1301 2235 1500 2290 rudisque
1521 2238 1645 2291 pluri·
1676 2264 1679 2265 ν

1413 2341 1584 2371 morum
