2003 2876
651 177 706 235 ΣΕΞ
823 179 1030 238 (45)
1150 181 1205 239 23³

211 292 307 328 tum
348 286 566 329 immodica
597 291 753 333 montis
782 291 991 334 declivitas
1023 293 1209 347 patitur,
1240 294 1503 336 commodam
1526 292 1651 333 etiam

210 376 250 417 se
275 378 477 431 praebuit,
511 387 561 419 ut
584 382 650 422 vel
673 395 722 423 ex
747 395 799 424 eo
827 382 996 439 intelligi
1022 380 1180 437 posset,
1212 386 1260 425 ab
1293 396 1343 424 eo
1367 385 1486 426 velut
1509 380 1654 424 termi-

210 480 269 509 no
292 470 542 526 Poseganam
563 470 821 524 provinciam
843 471 1037 530 ingressos
1058 487 1135 515 nos
1161 471 1251 516 effe.

401 561 596 615 Posegam
632 574 718 603 non
750 563 994 616 inexpedkati
1023 564 1227 605 venimus.
1266 565 1354 617 Jam
1387 565 1497 606 enim
1522 564 1570 606 ad
1596 565 1654 606 in-

210 650 372 705 clytum
407 649 634 703 provinciae
677 651 963 706 magistratum
1002 654 1051 693 ab
1093 654 1262 713 Excelso
1303 655 1431 709 Regio
1472 654 1652 695 Confilio

209 738 451 781 mandatum
471 739 678 791 perlatum
700 738 835 779 fuerat
851 772 863 792 ,
895 752 985 795 quo
1005 742 1125 783 nobis
1148 743 1315 783 confilio
1327 772 1338 791 ,
1366 755 1497 797 reque
1521 740 1650 784 adesse

207 827 455 877 iubebatur,
484 827 526 869 ὅτ
554 828 903 871 commendatitiae
932 842 1108 884 quoque
1135 830 1261 872 literae
1296 833 1344 872 ab
1366 831 1653 872 Excellentiffi-

208 929 283 957 mo
316 916 513 970 supremo
543 920 632 970 ejus
660 918 884 974 provinciae
919 920 1090 962 comite
1120 934 1349 976 pervenere
1359 935 1372 969 3
1403 919 1521 975 quod
1545 921 1651 976 grati

208 1007 444 1049 recolimus.
487 1011 759 1065 Quamquam
791 1018 934 1052 autem
966 1011 997 1052 is
1031 1011 1317 1067 magistratus,
1357 1021 1486 1069 atque
1522 1011 1563 1053 in
1600 1025 1652 1053 eo

209 1097 414 1152 praecipue
439 1098 470 1139 is
485 1130 497 1150 ‚
531 1098 605 1153 qui
630 1098 776 1141 vicaria
798 1099 1005 1154 potestate
1032 1101 1256 1155 provinciae
1281 1100 1450 1155 praeest,
1483 1114 1535 1143 eo
1556 1101 1652 1142 inci·

210 1195 402 1229 tamento
427 1202 512 1230 non
537 1198 680 1244 egeret
697 1222 708 1241 ,
739 1190 941 1245 gaudebat
974 1200 1115 1232 tamen
1140 1192 1178 1232 id
1203 1191 1271 1232 fibi
1292 1189 1553 1244 potiffimum
1577 1191 1652 1232 im·

211 1287 402 1333 peratum
425 1277 525 1328 effe,
555 1292 646 1333 quo
678 1280 778 1320 nihil
799 1280 1022 1333 provinciae
1044 1280 1262 1334 optabilius
1299 1281 1464 1322 evenire
1497 1282 1655 1335 potuis-

209 1369 296 1420 set,
328 1369 365 1410 &
397 1368 476 1417 iarn
509 1381 583 1422 per
614 1369 835 1422 imperium
860 1370 1004 1418 licere,
1036 1370 1173 1422 quod,
1205 1371 1233 1410 fi
1261 1372 1419 1412 occafio
1451 1372 1492 1412 se
1526 1373 1657 1413 obtu-.

208 1457 331 1510 affec,
361 1460 522 1500 dudum
544 1459 764 1500 voluntate
794 1456 963 1500 feciffet.
1002 1459 1287 1515 Intelligebant
1309 1459 1419 1500 enim
1442 1459 1519 1500 viri
1549 1460 1653 1515 saga-

209 1563 295 1600 ces,
327 1549 560 1605 probique,
592 1548 741 1604 quanti
767 1549 804 1591 &
836 1549 1153 1601 universorum,
1184 1550 1222 1591 &
1244 1549 1429 1600 cujusvis
1460 1549 1651 1601 intersit,

209 1654 304 1696 quae
326 1640 498 1695 provida
527 1648 677 1681 natura
702 1639 834 1681 cuivis
863 1636 1023 1695 regioni
1055 1639 1162 1681 dona
1189 1639 1422 1680 contribuit
1440 1668 1452 1689 ‚
1496 1653 1541 1680 ea
1562 1653 1654 1694 per-

208 1731 340 1785 spetsta
364 1731 539 1783 habere,
569 1743 620 1772 ne
643 1730 758 1785 turpi
783 1730 970 1772 beneficii
988 1730 1249 1785 ignoratione
1270 1728 1652 1783 pretiofiffimarum

209 1821 312 1875 saepe
343 1832 510 1871 rerum,
542 1832 635 1874 quae
671 1823 785 1863 forte
813 1822 887 1864 sub
919 1822 1074 1876 pedum
1102 1819 1285 1875 vestigiis
1317 1820 1658 1874 imprudentibusv

208 1913 358 1967 sponte
383 1913 639 1959 nascuntur,
669 1911 825 1953 frustus
848 1911 897 1952 ad
921 1913 1080 1954 nullum
1105 1911 1325 1966 pertineat.
1356 1911 1653 1964 Cumprimum

208 2003 336 2058 igitur
360 2000 611 2043 intellectum
635 2001 695 2043 est
709 2031 722 2051 ,
752 2002 856 2043 velle
886 2014 986 2053 nos,
1017 2011 1228 2057 quantum
1250 2001 1291 2042 in
1315 2014 1361 2042 ea
1385 1992 1648 2042 festinatione

208 2095 374 2145 liceret,
404 2093 549 2134 oculos
575 2105 649 2146 per
677 2091 933 2146 provinciam
962 2090 1255 2140 circumferre,
1287 2090 1483 2132 certatim
1505 2103 1653 2132 omnes

208 2186 257 2226 ad
280 2185 319 2225 se
341 2183 539 2234 invitare,
571 2181 761 2234 confilio,
790 2196 861 2233 re,
891 2194 1103 2237 operaque
1125 2180 1344 2231 adjuvare,
1376 2193 1469 2235 quae
1489 2177 1655 2222 nossent·

209 2275 417 2330 quisque,
449 2273 490 2315 in
517 2272 703 2315 medium
726 2273 937 2324 conferre,
973 2272 1110 2327 paucis
1126 2304 1139 2325 ‚
1171 2271 1273 2313 nihil
1307 2284 1394 2313 non
1421 2285 1539 2328 agere
1559 2302 1570 2320 ,
1599 2279 1656 2312 ut‘

903 2363 935 2403 F
970 2376 987 2413 3
1498 2362 1592 2402 bre-
