1916 2805
711 167 765 223 23<
881 164 1096 221 (82)
1211 165 1267 222 23³

462 282 643 336 QuIete,
684 278 725 319 ὅτ
757 277 851 319 cibo
884 275 1059 317 recreati
1085 276 1133 317 ad
1165 285 1364 328 montes,
1396 288 1506 330 quos
1533 277 1705 322 Malisbe

270 380 452 423 vocant,
484 368 737 411 defleximus.
778 365 934 409 Eadem
958 365 998 406 in
1028 366 1104 407 his
1124 378 1302 420 quoque
1328 367 1510 421 lapidum
1532 382 1707 425 genera}

270 464 334 505 sed.
372 457 596 516 praeprimis
627 469 834 511 quarzum
866 456 1124 499 caerulescens
1155 455 1323 497 maculis
1358 455 1672 500 flavescentibus
1693 489 1707 511 ,

271 551 497 604 rubeisque
530 549 799 601 frequenter,
837 547 942 589 mica
970 555 1113 589 autem
1145 546 1271 588 rarius
1299 546 1481 600 sparsum
1498 577 1510 597 ‚
1540 561 1563 590 e
1587 549 1706 600 cujus

272 640 484 698 quaternis
514 637 744 681 semiunciis
774 645 858 679 tres
890 637 1053 678 minerae
1088 636 1294 678 metallicae
1326 637 1543 691 scrupulos
1570 639 1720 681 lotura·

273 731 517 774 evolvimus.
549 728 779 770 Plurimum
799 727 920 768 nobis
942 727 1093 781 placuit
1118 728 1283 778 saxum,
1316 726 1430 781 quod
1462 728 1516 769 Ill.
1547 739 1571 768 a
1602 723 1709 769 Born

271 817 537 875 metallzfemm
558 818 744 872 adpellat.
776 819 836 860 Ex
851 830 902 858 eo
916 817 956 857 in
977 816 1188 857 minutum
1206 818 1421 870 pulverem
1445 816 1606 859 obtrito
1624 826 1707 859 tres

275 912 461 953 minimas
483 908 614 950 nativi
641 905 730 947 auri
752 906 875 947 micas
898 907 1031 947 lotura
1053 906 1301 948 evolvimus.
1332 905 1467 955 Idem,
1496 920 1592 948 cum
1615 907 1707 962 igne

274 1009 519 1057 urgeretur,
551 1009 728 1053 granum
762 995 920 1051 argenti
954 995 1175 1036 flavescens
1207 994 1345 1045 dedit,
1378 995 1492 1048 quod
1522 995 1565 1035 in
1591 995 1708 1035 acido

273 1091 373 1133 nitri
397 1090 583 1131 solutum
605 1085 773 1140 nigrum
794 1087 1007 1139 pulverem
1039 1084 1188 1125 dimisit
1203 1115 1215 1136 ,
1248 1084 1312 1125 sed
1343 1084 1444 1125 adeo
1468 1084 1705 1134 modicum,

271 1190 320 1224 ut:
342 1181 430 1233 ejus
458 1177 624 1234 pondus
646 1174 829 1215 aestirnari
852 1186 937 1214 non
962 1169 1109 1228 posset.

463 1265 562 1308 Inde
579 1264 619 1305 in
637 1266 801 1306 alteram
828 1264 970 1305 vallem
994 1263 1161 1320 degreffi
1176 1265 1271 1315 ,sub
1295 1263 1516 1317 vesperum
1545 1260 1709 1306 Velikam

271 1363 359 1402 non
382 1356 543 1400 modice
563 1354 776 1410 defatigati
798 1353 1090 1408 pervenimus,
1124 1367 1175 1394 eo
1192 1353 1326 1394 minus
1349 1352 1565 1402 contenti,
1590 1353 1708 1407 quod

261 1450 425 1504 ‚nullam
446 1445 661 1486 nobiscum
683 1445 864 1498 plantam
890 1443 1108 1484 retulimus
1129 1475 1139 1493 ,
1180 1457 1272 1496 quae
1300 1444 1339 1483 se
1375 1442 1567 1483 novitate
1596 1457 1707 1484 com-

272 1538 499 1581 mendaret.
539 1536 572 1576 E
607 1533 745 1587 paucis
781 1533 870 1574 solae
893 1533 976 1572 fere
1012 1531 1212 1572 nominari
1242 1540 1476 1572 merentur:
1518 1528 1708 1577 Veronz‘ca

274 1635 484 1677 montana,
513 1620 759 1667 Prenanthes
782 1628 1015 1677 purpurea,
1044 1617 1277 1662 tormentilla
1299 1617 1450 1672 cresin,
1481 1619 1708 1675 campanula

272 1713 519 1766 tracheliu'm,
543 1709 762 1767 scutellaria
778 1707 1022 1765 peregrina,
1045 1706 1153 1749 inula
1172 1706 1366 1761 salia-ina,
1390 1707 1710 1764 cbryfhsplenium

271 1803 549 1860 alternifolium
561 1836 572 1854 ,
589 1797 796 1857 epilobz'um
810 1806 1031 1840 montanum
1046 1828 1057 1847 ,
1079 1794 1212 1854 bryum
1221 1796 1467 1853 scoparium‚
1482 1796 1707 1854 moehringz'a

270 1893 455 1950 muscofiz,
486 1888 736 1947 acrostichum
771 1887 939 1940 ilvense‚
970 1886 1057 1930 aira
1086 1886 1244 1942 alpina,
1279 1889 1318 1930 &
1344 1887 1555 1942 flexuosa,
1589 1901 1709 1931 carex

272 1986 463 2043 punicea,
493 1986 531 2027 &
554 1989 714 2025 remota.
747 1980 880 2029 Saxis,
913 1979 1016 2034 quin
1038 1979 1076 2021 ἃ
1099 1979 1256 2019 truncis
1286 1980 1482 2020 arborum
1509 1980 1708 2033 frequens

272 2076 556 2118 innascebatur
583 2068 827 2128 polypodium
849 2067 1044 2126 vulgare,
1077 2069 1193 2120 cujus
1219 2068 1355 2110 radice
1382 2068 1468 2109 vice
1495 2068 1708 2123 glycirrhi-

271 2181 325 2209 zae
344 2174 554 2213 utuntur3
585 2161 788 2204 humeffis
817 2161 915 2202 locis
951 2157 1158 2214 asplcgm'um
1177 2155 1522 2216 scolopendrium,
1553 2158 1705 2212 apertis

268 2266 437 2304 autem,
468 2255 505 2298 &
533 2251 747 2295 decalvatis
774 2247 906 2293 Pteris
921 2247 1092 2306 aquilina
1113 2263 1163 2291 eo
1188 2248 1394 2292 luxurians
1411 2280 1423 2301 ‚
1456 2257 1504 2290 ut
1529 2249 1707 2302 spatium

1511 2338 1648 2393 imple-
