1916 2805
630 168 686 224 ²3<
803 168 1014 226 (81)
1128 168 1184 226 ΣΞ

379 283 480 327 Haec
510 280 623 323 inter
649 283 732 323 fine
760 277 981 323 cessatione
1014 281 1173 334 semper
1206 280 1435 344 scandendo
1463 283 1504 325 in
1538 296 1629 326 eam

190 372 452 415 altitudinem
478 372 772 426 pervenimus,
805 372 844 413 in
878 384 964 426 qua
998 368 1242 425 Velifchanka
1268 372 1474 420 nascitur,
1505 382 1630 428 atque

188 461 293 503 illico
316 475 391 516 per
425 460 622 503 leniffime
646 461 810 503 declivia
844 462 1035 504 saxorum
1071 460 1193 503 strata
1214 461 1405 515 diffusus,
1435 463 1631 520 frequen·

190 561 337 606 tesque
361 551 590 605 cespitum,
633 551 672 592 ὅτ
703 549 893 591 ίέικοτιπη
921 551 1064 592 insulas
1098 552 1331 605 amplexus,
1364 554 1509 596 blando
1532 568 1630 597 cum

189 654 407 682 murmure
426 639 685 681 devolvitur.
718 639 1006 680 Amoeniffimo
1028 642 1112 680 hoc
1145 641 1186 681 in
1211 642 1304 682 loco
1332 642 1372 682 in
1393 645 1547 698 cespite
1568 660 1631 688 ar-

188 729 358 773 boribus
382 727 635 768 obumbrato
667 725 781 767 strati
818 727 1103 780 requievimus
1120 758 1133 779 ,
1175 731 1315 781 quoad
1337 732 1384 771 ad
1413 743 1631 788 extempo-

186 820 310 861 ralem
336 816 479 856 focum
505 812 694 854 alimenta
725 798 824 856 laffis
850 826 1115 866 pararentur,
1146 818 1257 859 inter
1283 833 1376 874 quae
1402 821 1532 875 (nam
1553 827 1633 865 Ve-

193 908 303 950 neris
325 906 407 947 dies
432 900 548 956 erat)
578 903 805 956 primatum
826 902 995 948 salmom·
1020 904 1185 949 Farionz·
1208 907 1394 951 dedimus
1417 910 1455 952 ὅτ
1474 912 1631 954 merito

191 998 292 1048 suo,
317 997 355 1038 &
390 993 503 1049 quod
536 993 751 1045 torrenti,
794 995 841 1035 ad
867 1009 996 1050 quem
1030 998 1256 1040 adsedimus
1280 1030 1292 1050 ,
1332 1000 1381 1040 fit
1416 1000 1632 1057 indigena,

189 1085 257 1127 cui
293 1083 488 1139 cyprinus
517 1095 694 1139 quoque
719 1084 894 1140 gohbio,
939 1088 977 1128 ἃ
1004 1095 1142 1130 cottus
1169 1086 1289 1143 gobio
1321 1090 1522 1134 innatant.
1566 1094 1631 1134 Ad

188 1176 346 1219 delicias
372 1173 449 1216 loci
476 1187 561 1214 non
584 1189 731 1228 parum
758 1176 936 1230 addidit,
969 1179 1085 1233 quod
1110 1180 1223 1222 forte
1245 1183 1375 1222 boves
1398 1195 1419 1222 a
1445 1182 1563 1236 pastu
1583 1185 1633 1225 ad

190 1280 343 1322 aquam
367 1267 461 1308 2&ae
483 1278 536 1306 eo
556 1266 772 1308 nobiscum
791 1281 1027 1310 convenere
1042 1301 1051 1318 ,
1075 1270 1280 1325 nobisque
1302 1285 1407 1325 pene
1425 1271 1634 1318 intermix-

190 1366 243 1398 tae
267 1355 306 1396 in
334 1357 479 1396 umbra
507 1356 782 1408 procubuere.
814 1358 996 1399 Aderant
1018 1373 1113 1401 cum
1144 1361 1363 1414 pecoribus
1395 1363 1477 1404 bini
1500 1364 1636 1406 adole-

188 1446 372 1495 scentes,
396 1455 530 1498 qu08‚
562 1443 665 1484 dum
696 1445 831 1485 cibum
856 1459 1126 1500 caperemu8‚
1157 1451 1332 1493 editiore
1355 1453 1394 1494 in
1424 1456 1519 1496 loco
1539 1456 1636 1497 adfi-

188 1535 357 1585 dentes‚
389 1542 518 1588 atque
553 1532 738 1573 manibus
768 1533 981 1588 quidpiam
1007 1538 1225 1581 molientes
1258 1541 1360 1595 saepe
1392 1543 1535 1585 intuiti
1570 1547 1636 1586 su-

189 1637 298 1666 mus.
345 1622 461 1677 Quid
494 1621 678 1664 faciant?
719 1625 959 1678 quaerimus.
1002 1631 1112 1669 Cum
1145 1632 1319 1685 propius
1354 1631 1599 1675 acceffiffent
1622 1666 1635 1687 ,

194 1715 372 1755 alterum
407 1711 632 1763 tibialibus,
665 1713 844 1755 alterum
874 1715 998 1758 laneis
1024 1717 1226 1771 vinculis,
1258 1722 1411 1775 quibus
1435 1723 1636 1766 linearum

190 1803 402 1844 fasciculos
425 1801 465 1842 in
496 1801 708 1857 cingulum
733 1816 849 1844 more
873 1806 1008 1860 gentis
1030 1812 1285 1863 compositos
1310 1812 1557 1867 frequenter
1570 1816 1636 1855 ad-

190 1893 432 1948 stringunt,
474 1893 658 1933 texendis
694 1895 886 1949 occupari
924 1896 1114 1941 vidimus.
1163 1901 1341 1954 Incerti,
1385 1906 1635 1948 laboriosum

194 1985 401 2037 juvenum
433 1982 671 2039 ingenium,
710 1997 761 2024 an
794 1985 1088 2029 dexteritatem
1118 1992 1245 2046 magis
1278 1992 1548 2044 miraremur,
1578 1998 1638 2038 in-

192 2074 439 2130 telligimus,
475 2072 595 2113 nullis
622 2087 810 2128 unquam
838 2075 1068 2129 pastoribus
1094 2079 1135 2120 in
1163 2083 1238 2122 hac
1272 2083 1440 2138 regione
1471 2085 1579 2127 diem
1613 2103 1636 2129 a

193 2163 398 2207 manuario
420 2161 561 2218 aliquo
583 2178 710 2219 opere
733 2180 914 2209 vacuum
939 2167 1058 2208 abire.
1091 2171 1200 2223 Quae
1218 2184 1284 2213 res
1306 2171 1518 2226 ingenium
1538 2189 1637 2232 gen-

194 2253 246 2294 tis
270 2253 374 2294 mire
407 2255 684 2296 commendat.

879 2349 917 2388 L
1393 2355 1552 2409 Quiete
1566 2387 1580 2408 ‚
