1916 2805
673 146 726 201 Σεὲ
841 141 1051 199 (94)
1168 141 1222 197 ΣΞ

240 276 323 316 po,
353 261 591 312 adjacetque
612 256 659 296 ad
683 262 875 296 montem
901 250 1006 293 filvis
1029 251 1238 294 virentem
1254 280 1266 301 ,
1298 265 1375 307 per
1398 255 1516 304 cuius
1543 257 1669 300 imam

241 349 434 392 clivosam
462 355 626 401 partem
657 341 851 385 leniffime
889 338 1086 396 assurgit,
1133 341 1232 383 vicis
1264 343 1311 383 ad
1345 340 1489 384 lineam
1521 343 1669 398 reffis,

237 436 576 488 terminaturque
608 433 786 488 palatio,
825 432 943 482 cujus
974 430 1033 472 est
1063 433 1367 486 pulcherrimus
1391 447 1464 488 per
1499 447 1670 476 omnem

239 537 329 566 eam
354 523 565 579 regionem
588 522 841 577 prospeaus.
873 523 970 563 Hoc
992 521 1101 562 inter
1121 522 1160 563 &
1185 521 1388 575 oppidum
1411 524 1593 566 medium
1612 525 1672 568 est

239 614 448 667 templum
475 612 657 653 rotunda
683 611 820 653 forma
851 611 1052 654 struEmm
1073 644 1085 664 ,
1127 612 1275 666 triplici
1303 613 1443 666 aditu,
1482 629 1671 670 quorum

239 703 370 745 cuivis
390 703 624 745 advertitur
646 704 818 758 angulus
844 703 975 744 altaris
1004 701 1210 756 triquetra
1232 703 1364 744 forma
1388 704 1428 744 in
1453 705 1589 746 medio
1619 707 1673 748 sa-

239 808 315 836 crae
340 794 432 835 aedis
470 793 591 834 erec’ti
615 823 628 843 ,
674 792 861 845 impolita
888 792 924 833 ei
957 792 1068 832 mole
1100 793 1301 834 columnis
1334 794 1540 848 eleganter
1569 810 1670 838 mar-

240 884 438 934 moratis,
470 883 520 923 ad
550 883 728 937 fingulos
748 882 917 936 angulos
943 881 1069 929 binis,
1099 881 1347 933 sustentata,
1379 885 1522 925 additis
1545 886 1673 927 etiam

238 972 473 1027 principum
497 971 537 1010 in
564 969 793 1011 Christiana
813 967 1063 1022 profeffione
1083 970 1302 1010 Virtutum
1327 972 1555 1014 simulacris.
1585 975 1674 1015 Cir-

239 1074 334 1102 cum
354 1058 569 1101 aedificium
588 1059 705 1099 fundi
732 1068 905 1108 vacant,
937 1058 1237 1111 exspefitantes,
1270 1069 1318 1100 ut
1344 1060 1383 1100 in
1412 1061 1586 1114 hortm,
1617 1065 1676 1105 lu·

239 1165 396 1207 cosque
424 1149 574 1192 deliciis
603 1157 724 1202 aptos
750 1146 1036 1189 efformentur.
1070 1150 1169 1190 Non
1197 1148 1403 1203 postrema
1428 1150 1528 1191 huic
1556 1153 1674 1207 oppi-

236 1244 292 1284 do
313 1244 395 1284 laus
418 1239 477 1280 est
502 1253 525 1278 a
547 1237 746 1289 thermis,
777 1251 879 1292 quas
902 1247 1146 1292 temporum
1174 1238 1318 1290 injuria
1344 1252 1467 1281 coeno
1490 1243 1675 1296 obrutas,

242 1335 280 1377 ἃ
303 1330 465 1380 herbis,
491 1326 764 1382 sentibusque
787 1328 1039 1370 filvescentes
1058 1360 1070 1380 ‚
1101 1342 1147 1370 ac
1169 1342 1274 1383 pene
1297 1328 1503 1383 ignoratas
1530 1331 1675 1372 Exeen.

238 1420 444 1463 Dominus
473 1418 523 1458 de
553 1417 750 1461 Daruvar
779 1417 987 1470 restituit,
1018 1418 1356 1472 advenarumque
1384 1420 1676 1463 commoditati

244 1512 416 1568 aptavit.

431 1600 664 1643 Salubribus
700 1597 817 1652 aquis
849 1605 959 1638 terra
996 1597 1181 1651 pluribus
1211 1598 1308 1639 locis
1340 1601 1504 1642 scaturit
1523 1633 1534 1650 ,
1572 1616 1675 1657 quas

241 1692 380 1746 priscis
409 1688 605 1746 negle&as
630 1701 716 1729 non
739 1685 879 1738 fuisse,
912 1696 1087 1740 repertae
1117 1688 1185 1728 sub
1211 1689 1297 1729 solo
1322 1692 1498 1731 thermae
1521 1705 1544 1732 e
1564 1692 1677 1734 seffis

242 1781 437 1837 lapidibus
462 1780 675 1827 formatae,
705 1774 936 1830 refoss‘aque
959 1787 1057 1816 cum
1081 1776 1125 1817 iis
1151 1777 1409 1831 antiquitatis
1431 1793 1680 1824 monumen-

243 1881 288 1912 ta
309 1870 399 1911 latis
421 1870 708 1922 comprobant.
745 1868 805 1908 Ex
833 1865 878 1907 iis
910 1877 986 1907 nos
1014 1866 1147 1908 solum
1175 1867 1347 1922 lapidem
1376 1869 1579 1922 vidimus,
1610 1886 1679 1914 cu·

243 1961 308 2012 jus
331 1962 419 2002 haec
441 1958 501 2000 est
521 1958 754 2013 inscriptio:

861 2033 1056 2074 DIVO

813 2107 1103 2149 COMMO

747 2181 854 2221 DO
908 2184 1001 2223 RE
1032 2184 1178 2223 SPV

760 2256 1026 2298 BLICA
1084 2258 1166 2297 IA

851 2329 1075 2372 SORV..
1499 2331 1625 2371 Cons„
