1916 2805
634 143 688 198 ΣΞ
803 140 1010 200 (55)
1128 141 1182 198 ἃς

196 268 270 298 mo
295 256 401 298 coelo
430 256 473 297 in
499 267 613 296 auras
637 254 677 295 se
713 255 900 297 intrudat
928 255 1009 296 fine
1042 253 1179 308 aliquo
1203 250 1480 295 incumbentis
1508 246 1632 292 nubess

198 347 298 387 culae
328 343 550 387 vehiculo?
578 354 652 386 aut
672 344 746 399 qui
771 346 885 386 filens
910 342 1139 386 dilabatur?

388 438 607 490 Supererat
631 434 775 489 igitur,
806 444 857 476 ut
879 435 1184 490 experiremur,
1215 431 1394 490 poffitne
1421 433 1551 474 solum
1570 443 1634 472 ae-

199 539 289 568 rem
317 527 524 575 exhalare,
555 525 658 579 qui,
688 526 804 580 quod
833 525 914 566 aeri
938 526 1154 566 communi
1182 526 1398 579 inspiratus
1429 524 1633 566 leviffimo

198 626 421 659 momento
455 614 738 666 accendatur,
775 612 1059 668 inflammabilis
1096 616 1332 669 adpellatur.
1371 597 1456 656 Etsi
1486 624 1630 655 autem

200 708 464 760 exploratum
491 702 609 742 nobis
631 698 758 753 esset,
788 702 827 742 id
853 702 1030 744 flammei
1051 704 1153 745 aeris
1180 717 1310 760 genus
1337 704 1583 745 naturaliter
1610 717 1633 744 e

198 795 369 838 coenoso
388 791 630 846 stagnorum
653 790 786 833 fundo
818 791 1015 845 erutstari,
1048 793 1314 836 nihilominus
1339 804 1480 835 tamen
1504 794 1636 834 solum

199 885 332 940 ipsum
369 896 512 924 curam
553 879 736 924 nostram
766 882 986 937 exposcere
1023 884 1271 934 videbatur,
1321 887 1438 941 quod
1471 886 1634 929 constet

199 977 324 1018 etiam
354 975 515 1016 metalla
539 971 659 1014 acidis
687 973 728 1015 in
756 975 970 1016 fervorem
996 975 1203 1018 concitata
1230 990 1316 1018 non
1343 975 1537 1020 diffimilis
1571 991 1636 1019 na-

201 1077 309 1108 turae
331 1065 461 1107 halitu
489 1077 702 1118 vaporare.
745 1066 809 1106 Ac
831 1065 1014 1119 primum
1033 1067 1204 1121 quidem
1227 1067 1269 1109 in
1293 1079 1399 1121 aqua
1420 1081 1443 1109 e
1464 1067 1636 1111 vetusto

204 1160 318 1208 juxta
343 1159 481 1198 locum
505 1155 678 1196 incendii
702 1165 894 1209 reperto,
923 1157 1069 1209 quinas
1096 1171 1245 1213 orgyas
1272 1160 1356 1199 alto
1377 1167 1513 1213 puteo
1537 1161 1637 1201 hau-

204 1249 262 1290 sta
285 1248 404 1288 salem
424 1245 618 1296 lixivam,
650 1257 779 1298 quem
804 1245 907 1286 alcali
933 1246 1165 1302 vegetabile
1191 1247 1320 1288 fixum
1350 1258 1528 1302 vocant,
1554 1264 1641 1295 non

203 1337 365 1379 'modica
394 1334 512 1388 copia
543 1331 663 1374 inesse
689 1334 1066 1388 deprehendimus,
1108 1336 1326 1379 manifesto
1358 1351 1638 1396 argument0‚

205 1437 279 1468 aut
303 1427 458 1481 plantas
488 1426 604 1466 forte
634 1424 780 1478 illapsas
807 1425 848 1465 in
878 1437 923 1465 ea
947 1422 1223 1477 contabuisse,
1254 1436 1323 1468 aut
1346 1442 1471 1484 aquas
1496 1431 1536 1472 in
1566 1446 1641 1486 pu-

204 1527 324 1559 teum
354 1514 660 1571 regurgitantes
691 1514 734 1556 in
757 1513 900 1565 venis,
933 1528 1008 1569 per
1032 1528 1132 1570 quas
1163 1517 1407 1573 gliscebant,
1438 1533 1527 1562 eam
1561 1535 1642 1563 mav

205 1609 351 1651 teriam
374 1607 422 1649 ad
455 1607 492 1647 se
522 1600 693 1647 traxisse.
741 1605 818 1647 Sed
848 1606 899 1646 de
932 1618 985 1646 eo
1018 1620 1104 1648 non
1135 1609 1322 1649 multum
1354 1609 1641 1654 laboravimus.

206 1706 483 1757 Quamquam
502 1696 613 1739 enim
645 1710 729 1762 non
760 1697 1071 1748 dubitaremus,
1100 1698 1279 1740 fundum
1313 1700 1400 1750 ejus
1425 1703 1544 1756 putei
1579 1703 1644 1744 ali-

207 1791 309 1847 quid
339 1788 498 1846 igniferi
536 1787 636 1829 aeris
668 1788 837 1829 reddere
868 1785 980 1843 posse
1001 1820 1013 1840 ,
1053 1789 1166 1845 quod
1197 1802 1298 1845 aqua
1316 1824 1328 1843 ‚
1369 1805 1464 1848 quae
1488 1794 1571 1845 jam
1592 1798 1641 1838 ab

207 1896 317 1925 anno
337 1879 491 1923 hauriri
513 1878 654 1931 defiit,
685 1877 886 1933 stagnanti
910 1893 997 1921 non
1028 1878 1126 1922 esset
1150 1881 1359 1933 diffiniilis,
1390 1898 1476 1926 non
1504 1886 1650 1929 tamen

208 1974 334 2015 etiam
362 1969 644 2026 ignoravimus
666 2001 679 2021 ,
722 1982 1042 2026 quemcumque>
1059 1985 1165 2027 aqua
1187 1973 1392 2015 exhalavit
1419 1975 1636 2030 spiritum,

209 2076 307 2105 cum
329 2061 412 2104 fuit
441 2060 481 2102 in
506 2061 581 2102 usu
596 2093 608 2114 ,
641 2073 740 2102 eum
762 2073 901 2115 neque
923 2061 1103 2119 malignae
1132 2073 1290 2105 naturae
1309 2061 1424 2106 fuiffe
1437 2096 1449 2117 ‚
1482 2079 1560 2108 nec
1575 2098 1589 2119 ,
1617 2067 1646 2107 fi

210 2150 346 2196 fuisset
359 2186 372 2207 ‚
402 2167 553 2196 noxam
573 2153 670 2194 dare
690 2149 883 2207 potuiffe.

1430 2341 1592 2393 Quam-
