1916 2805
713 153 767 209 23³
881 149 901 210 (
966 151 1048 198 10'5
1103 151 1123 206 )
1238 151 1294 208 22²<

272 269 449 312 serratus
464 283 477 315 3
515 267 644 320 elytra
669 275 847 318 quoque
883 260 1065 316 margine
1094 261 1320 304 albescente
1346 260 1502 305 serrato
1529 276 1552 305 e
1575 258 1707 307 tribus

272 358 451 400 seriebus
482 354 688 408 spinarum
719 350 1074 407 longitudinaliter
1107 349 1422 393 decurrentium
1452 352 1582 393 scabra
1601 381 1614 402 ‚
1660 361 1706 402 er,

272 456 469 502 praeterea
504 443 591 498 pilis
619 441 810 484 brevibus
829 439 965 495 'nigris
994 441 1171 482 confita:
1213 453 1358 494 margo
1391 439 1625 495 elytrorum
1654 441 1710 481 in-

272 538 386 578 ferne
412 535 698 588 complanatus
724 532 858 586 ipsum
887 543 1041 584 corpus
1072 530 1257 586 undique
1278 531 1536 573 concludens.
1575 530 1711 572 Abdo-

275 639 397 678 men,
428 624 639 679 pedesque
661 622 775 663 fusci.
813 617 905 663 Tab.
927 621 1003 662 IX.
1027 617 1115 675 Fig.
1137 633 1179 662 2.

467 714 626 756 Eodem
648 714 690 754 in
718 720 867 754 monte
889 719 1038 764 praeter
1060 709 1192 763 aliqua
1213 708 1369 751 mineroe
1387 707 1500 764 ferri
1525 706 1713 752 νεεναξῖο-

276 806 349 849 fria:
376 806 600 860 fragmenta
627 801 754 844 etiam
781 798 963 843 mineram
983 796 1095 851 ferri
1119 793 1331 850 scbilfosam
1364 793 1624 853 phlogisticam
1650 810 1712 839 re-

273 895 461 950 perimus
499 894 637 934 colore
669 890 752 940 jam
781 888 898 929 fusco
921 908 935 915 -
954 887 1186 928 rufescente
1203 919 1215 939 ,
1253 888 1335 938 jam
1363 886 1510 942 nigro,
1539 888 1715 929 frastura

278 984 383 1024 arida
406 982 597 1036 quidem,
635 979 701 1019 sed
734 987 872 1018 tamen
902 975 1014 1017 caestu
1034 975 1200 1015 lubrica.
1240 978 1340 1017 Haec
1366 976 1458 1030 igne
1490 976 1616 1032 magis
1640 977 1713 1017 du'·

278 1080 420 1122 ratur,
463 1067 781 1120 candefaffi'taque
801 1096 814 1114 ,
855 1066 893 1107 &
917 1065 1078 1106 rursum
1103 1064 1340 1120 refrigerata
1373 1065 1628 1121 subgriseum
1659 1066 1716 1107 in-

278 1160 370 1202 duit
403 1160 585 1200 colorem
605 1188 617 1207 ‚
658 1156 851 1209 trituque
882 1155 922 1194 in
952 1152 1169 1207 particulas
1197 1151 1355 1204 dimne,
1395 1167 1576 1208 quarum
1607 1157 1717 1197 nulla

278 1248 459 1303 magneti
482 1260 567 1288 non
589 1247 861 1298 obtemperat.
892 1243 940 1283 In
961 1242 1075 1284 acido
1094 1242 1192 1284 nitri
1213 1243 1369 1293 soluta,
1397 1244 1536 1286 addito
1559 1246 1718 1301 sangui-

278 1338 340 1379 nis
366 1336 527 1387 lixivio,
568 1337 788 1376 caeruleum
821 1334 1073 1376 berolinense
1111 1334 1151 1374 in
1179 1334 1357 1374 fundum
1381 1336 1481 1376 vafis
1514 1333 1719 1383 dimittit3

279 1441 376 1468 cum
406 1427 539 1467 fluore
571 1438 676 1467 vero
716 1425 896 1467 minerali
930 1423 1017 1464 fusa
1039 1435 1061 1463 e
1091 1423 1272 1464 centenis
1301 1424 1443 1477 pondo
1472 1437 1596 1465 unam
1628 1424 1665 1464 ὅτ
1687 1432 1715 1478 -3

279 1516 541 1563 semiunciam
564 1515 660 1557 ferri
689 1515 745 1554 sat
777 1513 923 1568 fragilis
949 1511 1072 1552 dedit.

471 1607 506 1645 E
544 1602 839 1659 Druganovacz
874 1602 915 1642 in
945 1600 1128 1643 vicinum
1165 1600 1375 1641 montibus
1404 1601 1716 1652 interjacentem

282 1709 464 1752 pagum,
493 1707 625 1748 quem
657 1691 853 1748 Sagoln'na
879 1692 1104 1746 adpellant,
1143 1689 1377 1745 transgressi
1405 1692 1477 1731 sub
1502 1691 1716 1733 frondium

282 1785 525 1827 umbraculo
545 1786 662 1825 lauto
693 1782 963 1824 accubuimus
991 1781 1186 1834 prandio,
1219 1780 1335 1834 quod
1360 1781 1475 1821 fundi
1499 1781 1718 1833 dominus,

282 1862 573 1929 leffiffimaque
607 1875 695 1925 ejus
735 1870 892 1922 conJux
914 1903 926 1922 ‚
958 1871 1227 1925 expeditionis
1260 1870 1387 1920 hujus
1418 1870 1566 1913 nostrae
1594 1871 1721 1912 comi-

282 1974 373 2016 tes,
406 1961 606 2018 praemiffo
630 1963 799 2014 culinae,
833 1961 1065 2015 mensaeque
1092 1960 1368 2002 instrumento
1393 1960 1573 2014 adparari
1605 1945 1722 2010 julie-

279 2062 395 2096 runt.
427 2051 547 2096 Miffo
581 2051 780 2094 convivio
814 2051 1133 2106 properavimus
1164 2051 1378 2092 interiores
1413 2049 1625 2091 montium
1659 2061 1719 2089 re-

281 2143 409 2188 cessus
434 2144 654 2199 inspicere,
685 2142 732 2182 ad
753 2154 939 2196 quorum
960 2150 1151 2182 naturam
1174 2140 1469 2195 intelligendam
1494 2138 1621 2191 sparsa
1642 2150 1715 2192 per

279 2228 425 2279 vanem
446 2234 623 2288 lapidum
645 2234 878 2288 fragmenta
900 2230 1159 2273 torrentibus
1185 2243 1236 2271 eo
1262 2230 1392 2272 delata
1408 2261 1420 2282 ‚
1452 2229 1493 2269 in
1523 2240 1568 2269 ea
1583 2260 1594 2279 ‚
1628 2241 1722 2282 quae

1522 2317 1661 2359 nostra
