1916 2805
733 161 788 217 25<
906 160 1116 218 (96)
1230 161 1286 218 13³

298 272 490 314 nostrum
514 271 666 313 vitium
691 270 874 325 accepit,
907 270 973 312 cui
999 271 1153 312 mederi
1172 271 1362 324 deinceps
1390 283 1475 312 non
1499 273 1731 325 potuimus.

297 364 420 415 Aqua
445 360 524 413 ipsa
550 373 653 412 pura
672 389 686 409 ,
724 359 961 414 liquidaque
985 392 998 412 ,
1049 361 1178 403 odore
1213 360 1272 401 est
1301 360 1504 414 sulphuris
1541 361 1731 411 modico,

295 450 435 502 sapore
467 458 608 490 autem
644 450 786 498 nullo,
825 449 1077 505 potestque,
1114 450 1387 505 posteaquam
1425 450 1611 500 defi-ixit,
1639 450 1733 491 *fine

295 537 518 580 ostensione
544 537 689 593 gustus
724 538 817 580 bibi.
860 539 960 597 Leni
997 542 1119 595 super
1145 540 1239 596 igne
1271 540 1386 581 costa
1408 571 1420 591 ,
1453 540 1598 594 quoad
1632 540 1731 581 nihil

294 627 383 678 eius
408 628 623 679 remanfit‚
654 630 869 671 calc-aream
890 631 1032 685 exigua
1051 631 1288 682 quantitate
1311 641 1464 671 terram
1483 629 1616 678 dedit,
1640 642 1733 683 quae

293 731 431 772 neque
457 719 578 760 salem
606 719 775 773 relipuit
793 752 805 771 ,
837 733 975 774 neque
998 721 1222 771 humores,
1254 721 1323 762 sub
1346 721 1416 763 dio
1443 723 1594 776 polita,
1625 721 1670 761 ad
1691 722 1730 761 se

294 807 431 848 traxit.
481 808 629 850 Eadem
661 810 709 849 ad
742 810 865 851 solam
894 824 1036 852 auram
1058 820 1255 865 vaporata
1284 811 1378 865 post
1410 812 1526 853 binos
1560 811 1729 852 tandem

291 899 450 939 menses
477 898 593 939 salem
620 898 828 938 alcalinum
848 899 1064 951 deposuit,
1095 915 1116 940 e
1139 915 1228 954 quo
1251 915 1335 941 non
1358 901 1427 942 nili
1455 909 1596 941 creato
1627 902 1730 941 calo-

287 1000 334 1029 re
359 987 515 1027 humor
542 986 684 1039 depelli
712 988 876 1039 potuit,
910 1001 999 1041 quo
1026 998 1166 1030 tamen
1193 989 1354 1044 postea,
1385 990 1665 1043 cumprimum
1685 988 1728 1028 li-

288 1077 426 1116 beram
450 1075 570 1116 sensit
590 1089 753 1126 auram,
779 1077 883 1131 large
905 1076 1058 1117 iterum
1079 1078 1119 1118 in
1141 1080 1177 1118 le
1200 1087 1373 1132 recepto
1396 1078 1626 1119 contabuit.
1657 1079 1727 1118 So-

289 1166 396 1207 lutio
423 1165 584 1219 hepatis·
613 1166 818 1219 sulphuris
844 1165 944 1206 huic
967 1178 1086 1220 aquae
1112 1168 1248 1209 adfusa
1274 1167 1475 1209 levissimo
1506 1175 1726 1208 momento

285 1256 462 1309 sulphur
487 1268 536 1296 ex
561 1268 604 1295 ea
635 1253 675 1295 in
706 1255 885 1296 fundum
912 1256 1011 1311 egit.
1057 1259 1093 1296 A
1123 1257 1300 1298 timebam
1328 1259 1518 1312 gallarum
1542 1258 1726 1297 colorem

284 1359 481 1394 aureum,
511 1360 533 1385 a
558 1345 715 1399 syrupo
738 1345 942 1387 violarum
965 1360 988 1386 e
1008 1347 1125 1388 fusco
1141 1371 1155 1378 -
1178 1348 1478 1403 nigrescentem
1500 1346 1725 1402 peragitata

284 1437 423 1478 traxit.
456 1438 569 1477 Cum
593 1436 796 1478 solutione
822 1439 926 1477 lunae
950 1437 1112 1477 alcalina
1132 1437 1257 1478 halitu
1279 1437 1427 1478 metalli
1450 1437 1567 1477 velut
1590 1439 1722 1490 plum-

281 1528 364 1567 beo
387 1526 562 1580 parietes
581 1525 681 1566 vitri
706 1526 895 1577 adflavit,
929 1526 1146 1581 limilisque
1168 1527 1314 1568 coloris
1336 1527 1532 1567 lamellam
1547 1557 1557 1575 ‚
1588 1526 1721 1579 liquo-

278 1630 325 1658 re
349 1615 623 1669 consumpto,
655 1616 696 1656 in
716 1615 846 1656 fundo
872 1616 1063 1670 reliquit,
1094 1616 1160 1656 cui
1182 1616 1436 1657 creberrimae
1456 1616 1613 1657 minimi
1634 1630 1720 1658 mo·

282 1708 367 1747 duli
402 1705 579 1761 crystalli
616 1705 887 1755 subjacebant.
937 1707 1142 1746 Ceterum
1181 1704 1330 1747 metalli
1368 1705 1563 1746 indicium
1596 1705 1637 1746 in
1672 1705 1719 1748 iis

279 1799 454 1838 nullum.

471 1889 562 1929 Nec
592 1885 780 1928 diffimilis
813 1896 970 1927 naturae
998 1885 1097 1926 sunt
1123 1897 1266 1940 aquae,
1292 1899 1388 1940 ‹qzuae
1413 1884 1454 1925 in
1481 1885 1612 1926 adfito
1644 1898 1716 1939 po-

275 1978 406 2020 mario
431 1979 539 2034 'large
567 1990 590 2018 e
618 1986 729 2018 terra
752 1985 932 2028 exeunt,
960 1976 1162 2030 nulloque
1188 1987 1253 2016 eas
1281 1983 1455 2016 curante
1486 1973 1527 2015 in
1552 1975 1714 2018 lacunas

278 2068 571 2111 diffunduntur
591 2101 603 2120 ‚
638 2079 675 2108 >e
715 2067 869 2121 quibus
907 2066 1055 2108 deinde
1085 2077 1298 2121 perpetuo
1330 2065 1428 2107 rivo
1461 2058 1714 2108 exundantes

277 2175 375 2202 cum
401 2160 449 2202 ⁴iis
477 2160 515 2202 se
546 2160 745 2209 miscent,
776 2171 871 2212 quae
900 2171 923 2198 e
949 2159 1095 2199 balneo
1124 2157 1404 2204 emittuntur,
1434 2154 1712 2209 facstoqueiti-

277 2265 377 2294 nere
403 2253 451 2293 ad
481 2252 631 2293 molam
658 2264 736 2305 per
761 2251 919 2292 summa
953 2250 1106 2305 frigora
1130 2259 1364 2301 numquam
1395 2245 1616 2289 ecflantem
1646 2247 1715 2289 ad-

1496 2337 1651 2379 fluunt.
1705 2364 1712 2370 -
