1916 2805
698 157 750 217 2273
868 158 886 215 (
946 163 1003 214 78
1064 156 1083 214 )
1198 157 1254 214 ²5³

457 271 586 315 Velika
621 270 822 325 oppidum
856 268 916 310 est
937 270 1151 311 montibus
1172 270 1222 311 ad
1246 262 1456 310 meridiem
1481 270 1692 324 spestanth

259 365 336 404 bus
363 362 589 413 subjeetum
611 391 622 411 ,
661 369 788 414 atque
818 360 859 400 in
890 359 1072 401 faucibus
1106 345 1293 400 binarum
1321 359 1697 416 angustiffimarum

259 451 425 492 vallium
447 452 630 503 positum
645 481 656 500 ‚
676 463 698 490 e
720 463 900 504 quarum
923 452 1048 491 altera
1068 458 1302 490 torrentem
1332 445 1574 503 Velischanka
1596 463 1698 492 cum·

259 541 422 593 impetu
444 540 603 593 accipit.
647 542 845 581 Frontem
872 539 1050 581 advertit
1080 539 1266 594 Posegae,
1299 538 1339 580 &
1369 538 1584 579 communi
1610 553 1692 580 am-

260 630 392 670 bobus
416 642 592 683 campo,
624 638 790 684 tergum
815 644 918 672 vero
951 630 1119 671 acclinat
1142 629 1278 671 monti
1311 629 1420 669 inter
1454 629 1556 680 illas,
1589 643 1697 684 quas>

259 719 362 769 dixi,
394 720 512 759 valles
542 718 804 773 intercepto,
845 721 964 772 cujus
996 720 1141 760 vertici
1173 733 1242 759 arx
1271 718 1481 773 quondam
1506 719 1692 772 imposita

259 808 410 850 fuerat.
450 808 550 857 Ejus
578 810 704 850 moles
732 822 754 850 e
781 813 869 851 saxo
893 813 1072 851 calcareo
1097 808 1308 861 consurgit
1332 839 1344 860 ,
1385 808 1450 848 cui
1480 822 1553 862 per
1582 807 1699 848 vices

259 896 341 946 jam
367 899 494 938 ochra
527 898 622 938 ferri
656 901 898 955 pierumque
928 902 1038 941 flavo
1056 923 1072 930 -
1091 899 1305 938 rubescens
1322 928 1334 947 ‚
1374 910 1692 950 nonnumquam

260 987 375 1027 fusco
394 1008 408 1015 ·
429 988 686 1028 caerulescens
714 988 888 1029 candidis
912 988 1027 1029 venis
1063 997 1226 1028 exat-ata
1243 1017 1254 1038 ,
1296 996 1425 1040 atque.
1455 988 1495 1027 in
1520 988 1698 1040 lapidem*

258 1076 405 1117 durata
430 1104 442 1122 ‚
480 1077 560 1127 jam
597 1077 751 1118 minera
785 1077 879 1118 ferri
910 1079 993 1118 alba
1029 1073 1213 1130 (Pflinz)
1250 1075 1422 1115 solitaria
1454 1075 1699 1116 intervenit..

260 1169 552 1220 Quaecumque
575 1167 818 1216 caerulescst,
851 1179 904 1206 ea.v
920 1164 978 1206 est
1003 1165 1180 1227 duritia,
1213 1175 1261 1205 ut
1284 1165 1401 1218 poliri
1424 1166 1463 1205 se
1493 1166 1692 1219 patiatur,

259 1266 335 1296 nec
367 1255 488 1309 longe
515 1269 537 1295 a
564 1255 719 1296 montis
752 1255 910 1296 vertice
945 1253 1107 1296 hiatum
1142 1268 1228 1294 non
1263 1255 1484 1296 minimum
1518 1256 1693 1309 implet3

257 1355 346 1397 quo
377 1345 469 1385 loco
506 1346 696 1387 homines
733 1346 942 1400 quondam
971 1345 1110 1408 safcum
1147 1347 1280 1387 moliri
1313 1344 1475 1400 coepiffe
1506 1356 1685 1401 apparet.

254 1435 362 1475 Infra
393 1435 506 1476 hunc
534 1444 722 1476 montem
762 1431 1004 1486 Velffchankcz
1032 1435 1172 1475 versus
1209 1436 1410 1489 oppidum
1441 1438 1568 1478 fluere
1598 1452 1692 1491 pro-

255 1533 394 1576 perat,
429 1524 468 1564 in
491 1537 575 1578 quo
598 1526 800 1579 plurimus
825 1524 873 1565 ad
903 1524 1032 1566 molas
1065 1525 1129 1565 seu
1153 1525 1462 1577 frumentarias,
1486 1528 1554 1567 seu
1578 1528 1691 1568 fullo-

256 1612 340 1653 nias
363 1613 451 1663 ejus
475 1614 571 1655 usus
599 1614 670 1659 est.
705 1615 1074 1669 Quotiescumque
1099 1626 1238 1658 tamen
1261 1617 1455 1658 imbribus
1487 1617 1661 1657 increvit
1679 1647 1691 1667 ,

256 1716 349 1743 cum
371 1703 512 1743 subitis
536 1704 623 1753 ejus
654 1704 770 1757 aquis
788 1704 1091 1746 colludiandum
1115 1706 1198 1754 est,
1228 1706 1412 1760 periculo
1433 1719 1484 1746 eo
1512 1706 1691 1756 maiore,

254 1790 368 1845 quod
398 1792 438 1831 in
464 1793 603 1846 pluvia
630 1792 878 1847 tempestate
902 1793 1019 1835 validi
1045 1808 1249 1848 aquarum
1275 1795 1504 1836 coelestium
1532 1804 1694 1836 torren-

255 1888 322 1920 tes-
339 1894 360 1920 e
388 1881 601 1922 montibus
626 1883 814 1924 devoluti
842 1884 949 1924 amni
979 1884 1132 1925 adverfi
1159 1894 1393 1927 occurrunt
1413 1917 1425 1936 ‚
1456 1885 1579 1938 eique
1602 1885 1689 1938 ipso

253 1971 293 2011 iu
319 1971 474 2025 oppido
496 1973 535 2012 se
554 1972 736 2015 miscent.
769 1975 812 2015 ld
834 1986 885 2014 ne
905 1974 994 2021 fiat,
1020 1972 1158 2014 rustici
1180 1976 1319 2016 alveos
1341 1972 1542 2027 massam,
1563 1984 1692 2016 trans-

251 2063 482 2116 versosque
504 2063 611 2104 amni
634 2064 776 2119 pontis
797 2065 836 2105 in
866 2077 1026 2106 morem
1049 2063 1307 2114 insternunt,
1342 2074 1391 2106 ut
1415 2079 1487 2119 per
1510 2078 1580 2105 eos
1603 2064 1690 2104 alie-

251 2164 311 2191 nae
338 2154 400 2192 hae
424 2166 541 2206 aquae
564 2153 604 2193 in
636 2152 811 2195 vacuu‘m
854 2156 987 2196 solum
1018 2154 1191 2196 innoxiae
1214 2155 1447 2196 decurrant.
1480 2154 1687 2195 Domibus

251 2240 499 2282 rusticorum
514 2273 525 2293 ,
560 2244 672 2297 quod
691 2244 780 2286 alibi
800 2257 974 2299 quoque
999 2243 1334 2297 observavimus,
1363 2245 1606 2298 frequentes
1624 2244 1689 2284 ad·

1522 2331 1629 2373 stant
