1916 2805
648 162 1030 222 233⁵(53)
1147 161 1202 218 ΣΞ

208 277 250 320 lo
275 288 395 334 agere
418 275 645 332 coepimus,
676 289 728 318 ne
751 277 820 318 seu
844 275 1041 331 imperio,
1071 275 1141 318 seu
1165 274 1224 315 rei
1247 273 1317 327 ipfi
1340 266 1469 314 deeffi:
1489 269 1640 313 voluis·

208 367 249 408 se
270 366 518 409 videremur.
550 367 762 420 Quoniam
783 367 926 422 itaque
947 365 1149 407 naturales
1171 362 1344 420 quosvis
1373 362 1484 417 ignes
1506 358 1639 400 tribus

208 456 468 511 potiffimum
487 457 731 513 generibus,
763 457 1056 507 subterraneo,
1086 455 1297 505 elealrico,
1329 452 1368 492 &
1393 463 1514 492 aereo
1543 459 1642 489 con-

211 545 335 589 tineri
357 547 577 598 novimus,
609 545 936 600 investigandum
956 554 1068 593 erat,
1099 545 1141 586 in
1169 546 1286 600 quod
1308 555 1457 585 eorum
1485 535 1641 595 potiffi·

206 651 328 680 mum
348 650 394 678 ea
413 645 563 678 eventa
588 634 812 674 convenire
836 631 1028 686 possent?

398 727 453 766 Et
473 724 514 764 in
537 722 740 777 principio
759 720 927 775 quidem
954 720 1269 775 disquisitionis,
1301 721 1378 763 loci
1404 722 1529 761 situm
1554 732 1644 760 exa-

207 814 446 857 minandum
471 810 549 854 effe
569 812 778 854 duximus.
810 810 1070 866 Sesquihorae
1085 809 1273 853 distantia
1297 813 1344 854 ab
1364 812 1466 851 urbe
1490 808 1644 861 Posega

209 907 250 948 in
271 918 348 956 eo,
371 917 502 959 quem
527 902 704 944 diximus
719 933 731 955 ,
764 915 911 956 campo
930 901 1089 942 medius
1118 896 1284 958 assurgit
1312 901 1498 942 tumulus
1520 897 1642 952 quin·

209 998 330 1039 denas
345 1026 357 1046 ‚
387 993 643 1036 aut·vicenas
667 1006 816 1048 orgyas
837 994 968 1044 altus,
998 992 1214 1034 latitudine
1239 1002 1383 1034 autem
1411 988 1614 1044 inaequalis
1630 1020 1642 1040 ,

211 1089 251 1130 in
278 1085 581 1128 fimilitudinem
615 1083 696 1125 lirae
728 1083 769 1124 in
801 1082 1104 1139 longitudinem
1143 1083 1350 1126 orientem
1387 1083 1495 1124 inter
1523 1080 1562 1122 &
1586 1080 1642 1120 se-

210 1177 500 1235 ptemtriones·
520 1174 566 1215 ad
589 1173 763 1213 duarum
792 1185 897 1227 pene
921 1175 1121 1214 horarum
1145 1173 1377 1216 distantiam
1399 1173 1617 1227 dispositus
1632 1200 1644 1220 ‚

212 1270 252 1310 &
276 1281 359 1322 qua
379 1276 496 1321 parte
522 1263 689 1312 definit,
717 1264 933 1305 montibus
952 1264 1116 1317 Posegae
1141 1265 1316 1306 adverfis
1339 1263 1519 1315 acclivis,
1551 1265 1644 1304 her-

209 1358 294 1410 bis,
324 1356 419 1397 lucis
435 1384 446 1404 ‚
469 1354 782 1394 frumentorum
804 1353 1010 1408 segetibus
1037 1353 1213 1396 vestitus
1229 1382 1242 1401 ‚
1274 1355 1360 1395 imo
1385 1364 1527 1396 autem
1549 1356 1645 1396 late·

207 1461 253 1490 re
280 1444 431 1488 orienti
464 1440 627 1492 obje&o
659 1441 944 1495 frequentibus
982 1456 1148 1484 manans
1178 1444 1366 1485 fontibus
1394 1475 1406 1495 ,
1457 1458 1644 1499 quorum

208 1552 346 1593 aquae,
378 1533 577 1589 quoniam
611 1531 816 1586 delapsum
846 1544 932 1574 non
960 1535 1116 1589 ubique
1147 1533 1307 1576 facilem
1334 1536 1517 1586 habent,
1545 1536 1641 1576 raris

207 1630 248 1672 &
269 1626 439 1669 modieis
465 1627 596 1667 solum
616 1624 751 1678 spatiis
779 1626 911 1667 solum
933 1626 1180 1682 uliginosum
1204 1625 1395 1666 reddunt.
1438 1627 1643 1668 Ceterum

208 1718 400 1774 paludes,
429 1724 502 1758 aut
530 1714 666 1769 stagna
698 1716 773 1757 sub
794 1716 896 1758 colle
919 1717 1052 1766 nulla,
1076 1726 1357 1772 praeterquam
1382 1717 1498 1769 illud,
1522 1717 1640 1772 quod

209 1805 395 1851 Slatinam
425 1806 650 1861 adpellant,
688 1806 927 1862 quingentis
958 1806 997 1848 &
1028 1808 1203 1862 amplius
1230 1807 1401 1863 pedibus
1431 1822 1452 1849 a
1478 1809 1645 1850 tumulo

207 1899 463 1950 seiun&um,
487 1896 603 1951 quod
625 1898 705 1938 hac
725 1897 817 1938 anni
838 1897 1085 1953 tempestate
1109 1898 1307 1952 crustam,
1328 1896 1466 1954 preffu
1487 1893 1663 1952 pedum'

208 1987 510 2042 trepidantem,
541 1984 692 2028 duxisse
714 1988 955 2042 reperimus.
999 1987 1139 2032 Solum
1165 1990 1299 2044 ipsum
1327 1988 1387 2030 est
1419 1987 1553 2044 argilla
1574 1988 1646 2029 fla-

209 2077 400 2129 vescens,
433 2078 470 2119 &
493 2076 663 2130 fertilis,
693 2076 881 2132 nuspiam
901 2078 972 2120 fibi
992 2076 1214 2132 dissimilis,
1241 2081 1280 2123 &
1307 2082 1413 2122 nulla
1441 2081 1484 2121 in
1515 2092 1561 2121 re
1592 2083 1642 2122 ab

209 2181 257 2210 ea
275 2167 457 2214 diversa,
478 2180 562 2222 qua
583 2166 716 2208 vicina
737 2168 872 2209 omnis
898 2168 1014 2223 regio
1037 2168 1204 2211 instrata
1225 2167 1326 2219 est,⁸
1341 2170 1460 2212 nullis
1488 2167 1570 2211 fissa.
1592 2170 1644 2211 ri-

211 2258 314 2311 mis,
352 2257 537 2313 nuspiam
567 2257 808 2309 dehiscens,
846 2259 947 2301 nihil
979 2260 1214 2304 ambustum
1239 2273 1252 2314 ,·
1295 2261 1395 2304 nihil
1423 2261 1644 2303 horridum

898 2351 941 2391 G
975 2362 993 2398 3
1451 2350 1587 2394 osten-
