1916 2805
695 153 748 205 ΣΞ
865 143 1073 204 (98)
1189 145 1244 200 23³

448 257 630 305 Curculio
666 257 820 301 Salicz’s.
867 252 1144 310 Longirostris
1166 286 1179 306 ‚
1227 260 1348 294 totus
1380 260 1469 294 ater
1491 284 1505 303 ‚
1546 254 1694 309 elytris>

260 354 363 396 striis
383 348 744 405 longitudinalibus
770 344 1046 391 subcrenatis3
1076 343 1247 398 pedibus
1268 339 1434 396 posticis
1464 342 1693 382 saltatoriis.

265 445 398 495 Long.
425 448 465 489 ὲ.
489 439 556 479 lin.
587 440 636 479 In
657 436 783 477 salice.
821 431 915 476 Tab.
936 435 1011 477 IX.
1038 430 1129 488 Fig.
1159 444 1209 473 12
1231 432 1270 474 &
1295 441 1361 484 13.

456 525 633 569 carabus
655 521 898 580 flavescens.
941 526 1081 579 Caput
1103 555 1116 575 ,
1156 524 1307 564 thorax
1327 553 1340 574 ,
1379 521 1539 577 elytra,
1570 520 1694 561 abdo-

266 632 386 670 men,
417 618 455 659 &
481 615 603 670 pedes
638 613 907 657 flavescentia.
945 616 1113 658 Thorax
1148 614 1304 669 politus
1334 611 1478 663 valde,
1510 611 1549 653 &
1577 611 1699 651 latus.

266 712 408 765 Elytra
431 707 594 753 striata,
632 704 756 745 etiam
788 704 975 745 nitentia.
1015 704 1139 746 Oculi
1171 702 1367 757 plumbei.
1405 700 1613 756 Junrsturae
1641 699 1701 739 fe-

267 812 462 849 morum,
495 811 540 841 ae
568 792 762 836 tibiarum
788 792 907 848 nigro
930 813 946 822 -
965 793 1242 833 fuscesc'entia.
1288 794 1419 844 Long.
1449 796 1515 843 3}-
1540 788 1607 830 lin.
1636 790 1700 829 In-

271 898 337 930 tra
360 887 517 942 lignum
540 883 797 938 putrescens.
833 879 929 924 Tab.
957 885 1067 924 VIII.
1093 880 1179 936 Fig.
1213 895 1277 936 14.

461 971 576 1015 XIII.
606 970 800 1013 Kalendas
835 969 1010 1024 Augusti
1046 970 1112 1009 via
1145 969 1371 1009 admodum
1406 969 1590 1021 inaequali
1611 1000 1624 1018 ,
1664 967 1704 1008 &

270 1063 450 1114 difficili,
492 1056 708 1102 montibus
735 1058 991 1112 intercepta,
1021 1058 1197 1112 profeffi
1233 1058 1332 1098 nihil
1364 1071 1614 1114 magnopere
1650 1067 1708 1099 at-

273 1156 466 1199 tentione
490 1151 628 1194 nostra
650 1148 823 1202 dignum
853 1148 1103 1201 reperimus,
1135 1156 1284 1200 praeter
1312 1146 1467 1188 vetusti
1497 1145 1708 1196 cujusdam

274 1245 420 1299 templi
442 1242 614 1290 rudera,
646 1249 739 1291 quae
769 1236 808 1276 in
838 1232 943 1279 Biela
965 1237 1204 1291 supersunt,
1237 1235 1462 1291 parietibus
1487 1249 1711 1291 propemo-

274 1336 378 1376 dum
402 1332 536 1373 adhuc
567 1326 763 1381 integris,
796 1326 858 1377 ὅτ,
889 1339 972 1380 qua
998 1338 1118 1381 parte
1149 1328 1369 1370 teritoriurn
1395 1326 1578 1368 vetustas
1606 1341 1710 1369 non-

280 1424 379 1464 dum
409 1417 571 1461 sustulit
590 1448 602 1467 ‚
635 1416 791 1470 pictura
821 1418 1054 1468 exornatis,
1097 1417 1164 1458 cui
1184 1426 1269 1458 tam
1299 1416 1484 1458 diuturni
1508 1417 1712 1470 temporis

280 1510 453 1554 edacitas
479 1508 528 1548 de
538 1487 740 1547 'colorum
766 1505 837 1545 seu
867 1505 1064 1546 varietate
1080 1537 1092 1557 ,
1131 1507 1201 1547 seu
1226 1507 1439 1560 splendore
1472 1519 1617 1560 parum
1646 1506 1712 1546 ad-

282 1600 400 1644 emit.
433 1599 529 1649 Qua
554 1595 595 1635 in
618 1606 661 1634 re
683 1606 769 1634 non
795 1590 1010 1647 possumus
1032 1608 1117 1635 non
1138 1595 1362 1649 priscorum
1385 1604 1518 1636 artem
1545 1596 1714 1636 demira-

281 1692 343 1742 ri,
374 1687 569 1742 operibus
592 1683 671 1724 suis
699 1683 872 1738 aliquam
900 1684 1010 1738 quafi
1033 1683 1389 1725 immortalitatem
1412 1683 1686 1725 tribuentium
1702 1716 1715 1737 ,

284 1777 488 1821 coloribus
520 1783 667 1814 natura
699 1772 767 1813 sua
798 1772 1010 1828 fugacibus
1042 1772 1084 1813 in
1119 1773 1297 1825 parietes
1329 1772 1385 1813 ita
1415 1772 1716 1827 migrantibus,

285 1878 337 1911 ut
361 1879 447 1907 non
470 1871 564 1905 ante
594 1852 644 1903 ab
676 1861 721 1902 iis
746 1862 976 1913 discedant,
1008 1873 1137 1915 quam
1162 1875 1238 1902 una
1260 1864 1308 1903 fit
1337 1863 1555 1903 amborum
1584 1863 1715 1905 ruina.

286 1957 447 1999 Pleiura
467 1951 596 1994 refert
625 1950 763 1991 senem
792 1951 896 1991 duos
920 1951 1028 1992 inter
1048 1951 1189 2007 genios
1218 1951 1400 1992 medium
1416 1982 1428 2002 ‚
1460 1952 1575 2006 regio
1600 1965 1718 1995 more

287 2045 525 2101 paludatum
539 2073 551 2094 ‚
583 2040 754 2097 genibus
775 2040 918 2081 nixum
932 2072 944 2092 ,
966 2037 1102 2094 'atque
1124 2040 1282 2080 brachia
1304 2039 1425 2081 instar
1448 2041 1596 2094 aliquid
1619 2043 1718 2084 offe-

288 2134 418 2177 rentis
441 2131 748 2186 porrigentem,
778 2141 802 2169 e
832 2128 982 2183 quibus
1015 2129 1159 2179 injuria
1180 2137 1424 2182 temporum
1450 2143 1596 2173 manus
1622 2146 1721 2174 cum

293 2224 408 2265 dono
443 2221 629 2262 detersit.
674 2218 750 2260 Sed
777 2230 943 2273 neque,
976 2219 1049 2273 qui
1083 2231 1237 2260 munus
1276 2219 1444 2273 accipiat
1471 2251 1483 2270 ,
1524 2222 1720 2276 superest.

1556 2312 1664 2353 Eum
