1916 2805
655 164 710 220 t&
825 162 1066 224 (¹07)
1186 160 1241 216 ΣΞ

217 274 358 319 nostra
382 276 488 328 suit,
518 274 780 318 festinatione
800 274 986 317 sufficere
1008 274 1094 316 fere
1115 271 1233 315 nobis
1256 271 1475 313 debebant.
1505 273 1551 314 In
1581 272 1661 326 pris·

214 379 289 410 mo
310 365 448 407 statim
467 365 580 407 vallis
597 365 710 407 aditu
730 367 890 417 crebra,
915 377 990 405 nec
1009 378 1134 419 parva
1157 363 1341 415 jacebant
1363 363 1505 416 quarzi
1525 376 1660 405 amor-

214 456 287 511 phi
309 456 391 508 jam
427 454 614 506 illustris,
656 454 739 507 jam
766 455 901 497 rursus
931 454 1082 508 opaci,
1119 453 1185 494 sed
1217 451 1476 494 candidiffimi
1505 450 1662 504 frusta,

216 559 403 600 quorum
423 546 672 600 quibusdam
688 558 867 599 cupreus
890 546 1047 601 pyrites
1068 544 1227 586 insidet.
1259 543 1394 585 Altius
1421 543 1527 584 intra
1542 556 1661 584 mon·

215 645 279 677 tes
297 634 477 690 ingressis
502 635 668 675 rursum
690 647 895 687 quarzum
917 636 1170 688 amorphum
1200 632 1408 684 occurrit,
1441 632 1505 674 sed
1536 647 1559 673 e
1588 633 1662 674 mi·

212 726 384 766 noribus
409 723 547 764 frustis
578 722 633 762 ita
655 723 959 775 compofitum‚
991 732 1040 763 ut
1062 736 1152 776 quae
1177 737 1301 776 opaca
1330 722 1450 773 sunt,
1483 723 1662 765 fraerura

210 815 374 868 spatum
396 813 625 854 calc-areum
653 812 738 851 fere
765 810 1164 872 mentianturjhaec
1186 811 1224 852 &
1245 810 1399 851 talcum
1427 811 1659 854 admixtum

211 905 394 951 habent,
439 902 478 943 &
508 902 642 943 halitu
672 901 795 942 etiam
828 901 1031 943 metallico
1063 901 1269 942 adflantur
1288 931 1301 953 ,
1340 900 1446 955 qui,
1477 915 1575 942 cum
1610 903 1661 944 fit

212 1003 386 1049 argento
407 994 537 1033 rubro
559 992 694 1033 fiznilis
709 1023 721 1042 ‚
743 992 845 1032 tritu
867 992 1070 1048 nigrescit.
1103 989 1470 1045 Frequentiffimus
1490 989 1549 1033 est
1568 1004 1660 1032 cor-

212 1098 310 1125 neus
339 1083 488 1124 solidus
518 1082 554 1124 &
582 1081 763 1135 spatosus
798 1079 916 1124 Wall.
945 1096 967 1123 e
996 1095 1086 1137 quo
1113 1090 1264 1136 praeter
1300 1095 1507 1135 cuprum,
1539 1081 1659 1132 cujus

211 1176 409 1217 mineram
432 1173 578 1213 flavam
598 1172 818 1214 admixtam
860 1174 1013 1223 habet,
1044 1181 1267 1227 argentum
1287 1172 1411 1214 etiam
1435 1171 1660 1213 elicuimus.

213 1267 246 1306 E
270 1266 412 1319 pondo
442 1274 615 1305 centum
644 1263 1089 1328 senas,·septenasque
1116 1261 1274 1318 argenti
1299 1262 1537 1303 semiuncias
1571 1261 1661 1302 red·

211 1355 325 1396 didit.
355 1354 516 1409 Lapidis
538 1354 665 1403 hujus
688 1364 910 1409 quaternas
930 1353 1162 1407 reperimus
1180 1351 1537 1394 diffimilitudines:
1560 1364 1659 1406 qua-

210 1459 307 1488 rum
334 1444 465 1499 prima
483 1442 543 1484 est
563 1443 791 1498 nigrescens
811 1442 882 1493 iis,
914 1455 1008 1496 quae
1027 1456 1050 1483 e
1075 1443 1215 1483 suecia
1237 1415 1508 1492 adferuntur,
1541 1440 1658 1482 ssmil-

210 1536 326 1582 lima3
359 1533 533 1575 secunda
568 1531 796 1588 nigrescens
821 1531 957 1587 granis
985 1530 1163 1572 minimis
1173 1545 1185 1578 3
1216 1532 1342 1572 tertia
1364 1544 1386 1572 e
1407 1531 1529 1587 nigro
1549 1531 1656 1571 cine-

211 1639 372 1680 reoque
400 1623 532 1665 varia:
563 1631 713 1677 quarta
745 1622 959 1664 subviridis
993 1623 1032 1666 δε
1055 1624 1267 1664 albescens.
1300 1620 1553 1663 Profundius
1583 1620 1656 1660 sub

213 1715 429 1760 montibus
453 1713 633 1768 sparsum
658 1714 764 1765 jacet
785 1726 991 1768 quarzurn
1017 1713 1120 1754 nihil
1138 1715 1187 1754 ab
1206 1713 1268 1754 'eo
1290 1711 1496 1752 diversum
1510 1740 1520 1757 ‚
1539 1709 1658 1763 quod

214 1809 255 1849 in
291 1803 422 1847 Velika
466 1802 607 1859 paffim
644 1801 830 1844 occurrit
853 1835 864 1855 ‚
912 1803 1092 1859 igneque
1128 1801 1390 1845 docimastico
1428 1799 1660 1841 trastatum

213 1894 402 1953 exiguam
423 1892 580 1950 argenti
603 1892 846 1946 portionem
873 1892 998 1934 dedit.

404 1987 483 2027 IX.
515 1983 712 2026 Kalendas
741 1983 918 2039 Augusti
943 1983 1096 2037 placuit
1118 1983 1167 2023 ad
1196 1995 1269 2023 eos
1288 1992 1461 2036 quoque
1484 1986 1653 2020 montes

211 2077 430 2125 accedere,
462 2087 648 2129 quorum
674 2074 876 2128 praecipua
901 2072 960 2115 est
991 2075 1075 2115 laus
1105 2087 1128 2113 a
1154 2075 1286 2124 calce,
1317 2084 1443 2126 quam
1472 2065 1656 2123 probiffie

212 2180 323 2210 mam
342 2166 541 2220 praebent.
572 2164 623 2206 lis
647 2164 864 2215 interjacet
887 2177 1016 2219 pagus
1046 2160 1245 2212 Dran-nik,
1276 2162 1323 2202 ad
1349 2173 1477 2216 quem
1501 2156 1654 2199 difficil-

213 2256 335 2300 limus
352 2256 391 2299 &
411 2267 591 2310 praeceps
614 2254 674 2297 est
691 2255 903 2296 descensus
919 2287 930 2307 ‚
963 2254 1080 2295 aditu
1099 2252 1414 2308 quaquaversus
1438 2248 1654 2290 montibus

880 2347 922 2388 O
956 2356 983 2385 2
1469 2338 1523 2380 im
1528 2351 1597 2393 pe-
