1916 2805
735 144 1282 202 23⁵(50)13<

285 237 560 301 tributionem
589 256 704 306 adjici
731 254 880 310 poffit,
898 256 962 296 *ut
985 256 1036 295 fit
1057 252 1363 296 amoeniffimus.
1395 253 1569 297 Addunt'
1583 235 1631 298 id
1654 266 1716 299 rea

286 350 418 406 gionis
440 348 634 388 decorem
668 344 744 385 viae
772 343 943 398 publicae
972 342 1179 398 infigniter
1212 342 1368 393 stratae,
1403 342 1440 384 &
1470 355 1553 397 qua
1582 344 1715 385 omnis

284 436 495 493 provincia
517 436 557 475 se
589 434 791 489 porrigit,
831 435 1169 488 quaquaversum
1203 433 1440 488 produ&ae,
1481 433 1583 475 nihil
1610 433 1718 489 opti-

283 528 359 569 mis
386 524 603 580 quibusvis
636 523 880 573 inferiores,
922 523 994 564 nifi
1021 524 1164 579 quod,
1193 525 1312 566 velut
1340 524 1381 565 in
1420 524 1583 566 minore
1604 515 1718 566 com-

283 615 515 657 meantium
541 613 806 668 frequentia,
835 614 958 668 paulo
986 615 1065 654 fint
1088 613 1355 669 angustiores.
1394 615 1549 656 Earum
1569 611 1718 654 benefi-

285 707 396 748 cium
410 738 422 758 ,
449 715 497 748 ut
518 704 587 746 alia
605 692 801 758 plurima,
823 703 1037 745 domestici
1061 714 1205 758 aeque,
1224 715 1270 744 ac
1289 703 1423 745 exteri
1443 703 1626 744 viatores
1648 703 1717 744 de·
1736 699 1749 716 ·“

283 800 386 838 bent
416 793 757 840 Excellentiffimo
786 792 944 834 Comiti
976 789 1147 834 Antonio
1177 788 1395 846 Janko‘vicb
1428 790 1474 833 de
1503 790 1715 845 Daruva'r,

285 887 508 943 provineiae
533 887 725 939 supremo
749 883 930 935 Comiti,
954 882 1053 936 qui,
1080 895 1176 924 cum
1196 896 1306 923 anno
1329 893 1438 934 1759
1456 875 1718 935 provinciam

284 977 430 1020 vicaria
453 977 586 1016 solum
609 971 814 1028 potestate
837 979 998 1027 regeret
1013 1000 1024 1020 ‚
1056 971 1095 1011 id
1112 983 1217 1024 opus
1239 966 1443 1024 adgressus
1465 968 1549 1019 est,
1573 971 1609 1011 δε
1627 982 1716 1022 per-

284 1065 385 1107 fecit
397 1096 410 1115 ,
439 1064 569 1106 invita
587 1072 680 1104 tum
703 1062 872 1117 quidem
887 1093 900 1113 ,
933 1068 982 1101 ut
1005 1060 1045 1100 in
1068 1072 1113 1100 re
1136 1073 1244 1100 nova
1258 1090 1270 1110 ,
1291 1060 1406 1112 plebe
1429 1057 1601 1110 rustica,
1625 1071 1722 1111 quae

284 1153 427 1197 tamen
459 1154 582 1196 hodie
610 1153 698 1203 eius
735 1153 949 1193 amstorem
981 1147 1124 1189 faustis
1158 1147 1464 1202 precationibus
1496 1149 1682 1189 cumulat
1704 1178 1719 1199 ,

284 1257 423 1299 neque
453 1243 501 1284 ad
536 1242 640 1283 aliud
677 1241 790 1282 forte
822 1252 930 1293 opus
964 1227 1183 1290 publicum'
1207 1238 1381 1279 libenter
1407 1238 1510 1279 adeo
1549 1252 1719 1292 operam

282 1336 394 1375 suam
417 1332 683 1382 commodat,
711 1342 841 1386 quam
858 1329 905 1370 ad
920 1327 1154 1371 semestrem
1179 1326 1371 1382 quamvis
1390 1326 1551 1370 viarum
1569 1328 1719 1370 instau-

280 1422 500 1464 rationem.

477 1507 620 1565 Posega
650 1508 872 1564 provinciae
898 1512 996 1552 urbs
1030 1510 1148 1552 unica
1175 1508 1329 1560 adjacet
1358 1508 1601 1561 montibus,
1639 1523 1717 1565 qua

286 1613 403 1661 parte
439 1605 487 1645 ad
519 1599 823 1655 septentriones
863 1601 1043 1655 spe&ant
1073 1610 1249 1655 propter
1272 1613 1440 1643 amnem
1475 1596 1681 1655 Orlyavam
1701 1633 1714 1653 ,

285 1697 386 1751 qui,
409 1707 511 1749 quas
526 1706 548 1734 e
571 1700 719 1733 monte
742 1687 868 1745 PJuny
887 1690 1059 1742 accipit,
1076 1703 1201 1745 aquas
1223 1699 1450 1744 properato
1470 1693 1519 1731 ab
1533 1692 1718 1732 occiden-

287 1796 329 1827 te
354 1786 394 1827 in
416 1783 623 1826 orientem
645 1782 769 1822 cursu
791 1781 972 1835 primurn
990 1793 1087 1821 cum
1111 1776 1247 1835 Lonya
1267 1782 1372 1821 ultra
1393 1782 1540 1822 urbem
1559 1781 1717 1835 miscet,

286 1877 324 1919 ἃ
346 1876 439 1917 dein
474 1874 515 1915 in
536 1876 690 1915 Savum
725 1872 862 1912 infert.
908 1871 946 1912 Is
980 1869 1109 1912 amnis
1143 1870 1313 1912 modicis
1337 1872 1585 1926 plerumque
1605 1872 1719 1927 aquis

285 1964 455 2015 defluit,
497 1963 538 2003 in
568 1960 708 2015 pluvia
731 1970 876 2002 autem
909 1958 1155 2015 tempestate
1179 1987 1195 2005 ,
1236 1962 1265 2001 fi
1296 1960 1418 2001 subiti
1450 1974 1523 2015 per
1548 1971 1717 2003 montes
1760 1975 1762 1977 ’

285 2056 510 2096 volvantur
542 2051 719 2102 imbres,
757 2063 878 2105 aquas
909 2064 995 2091 non
1025 2050 1241 2099 continet,
1272 2049 1488 2104 vastasque
1509 2058 1716 2093 terrarum

286 2146 413 2186 moles
435 2157 457 2183 a
480 2141 575 2196 ripis
599 2141 754 2182 avulsas
786 2140 1014 2195 praecipites
1040 2140 1123 2195 agit
1142 2171 1155 2190 ‚
1193 2140 1419 2194 vicinoque
1447 2139 1591 2181 adimit
1623 2141 1716 2182 fun-

285 2234 353 2276 do.
384 2234 540 2276 Mirum
554 2263 567 2284 ,
588 2232 775 2274 nondum
799 2232 967 2275 alveum
985 2231 1031 2272 ad
1052 2231 1199 2274 lineam
1219 2230 1380 2272 mestum
1399 2231 1554 2273 collatis
1578 2232 1618 2272 in
1639 2244 1717 2286 pu·

1505 2321 1656 2364 blicum
