<?xml version="1.0" encoding="UTF-8"?>
<!DOCTYPE html PUBLIC "-//W3C//DTD XHTML 1.0 Transitional//EN"
    "http://www.w3.org/TR/xhtml1/DTD/xhtml1-transitional.dtd">
<html xmlns="http://www.w3.org/1999/xhtml" xml:lang="en" lang="en">
 <head>
  <title>
</title>
<meta http-equiv="Content-Type" content="text/html;charset=utf-8" />
  <meta name='ocr-system' content='tesseract 3.04.00' />
  <meta name='ocr-capabilities' content='ocr_page ocr_carea ocr_par ocr_line ocrx_word'/>
</head>
<body>
  <div class='ocr_page' id='page_1' title='image "./iterperposeganam00pill_0083.png"; bbox 0 0 1916 2805; ppageno 0'>
   <div class='ocr_carea' id='block_1_1' title="bbox 674 142 1224 201">
    <p class='ocr_par' dir='ltr' id='par_1_1' title="bbox 674 142 1224 201">
     <span class='ocr_line' id='line_1_1' title="bbox 674 142 1224 201; baseline 0.005 -2"><span class='ocrx_word' id='word_1_1' title='bbox 674 142 730 199; x_wconf 68' lang='lat' dir='ltr'>ze&lt;</span> <span class='ocrx_word' id='word_1_2' title='bbox 843 142 1052 201; x_wconf 84' lang='lat'><strong>(79)</strong></span> <span class='ocrx_word' id='word_1_3' title='bbox 1165 145 1224 201; x_wconf 65' lang='lat'>²5&lt;</span> 
     </span>
    </p>
   </div>
   <div class='ocr_carea' id='block_1_2' title="bbox 218 249 1670 2208">
    <p class='ocr_par' dir='ltr' id='par_1_2' title="bbox 220 249 1665 489">
     <span class='ocr_line' id='line_1_2' title="bbox 220 249 1665 311; baseline 0.004 -19"><span class='ocrx_word' id='word_1_4' title='bbox 220 249 333 293; x_wconf 84' lang='lat' dir='ltr'>stant</span> <span class='ocrx_word' id='word_1_5' title='bbox 351 249 490 308; x_wconf 81' lang='lat' dir='ltr'>populi</span> <span class='ocrx_word' id='word_1_6' title='bbox 509 251 648 296; x_wconf 74' lang='lat' dir='ltr'>itaIIcae</span> <span class='ocrx_word' id='word_1_7' title='bbox 672 251 880 306; x_wconf 82' lang='lat' dir='ltr'>(turcicas</span> <span class='ocrx_word' id='word_1_8' title='bbox 898 252 1123 309; x_wconf 79' lang='lat' dir='ltr'>adpellant)</span> <span class='ocrx_word' id='word_1_9' title='bbox 1145 255 1328 296; x_wconf 87' lang='lat' dir='ltr'>turrium</span> <span class='ocrx_word' id='word_1_10' title='bbox 1350 256 1552 307; x_wconf 71' lang='lat' dir='ltr'>celsitate,</span> <span class='ocrx_word' id='word_1_11' title='bbox 1572 270 1665 311; x_wconf 89' lang='lat' dir='ltr'>quae</span> 
     </span>
     <span class='ocr_line' id='line_1_3' title="bbox 223 341 1662 403; baseline 0.004 -21"><span class='ocrx_word' id='word_1_12' title='bbox 223 341 461 395; x_wconf 75' lang='lat' dir='ltr'>spontaneae</span> <span class='ocrx_word' id='word_1_13' title='bbox 476 356 528 385; x_wconf 88' lang='lat' dir='ltr'>eo</span> <span class='ocrx_word' id='word_1_14' title='bbox 554 345 654 399; x_wconf 86' lang='lat' dir='ltr'>saepe</span> <span class='ocrx_word' id='word_1_15' title='bbox 678 354 985 401; x_wconf 83' lang='lat' dir='ltr'>propagantur,</span> <span class='ocrx_word' id='word_1_16' title='bbox 1018 354 1067 387; x_wconf 93' lang='lat' dir='ltr'>ut</span> <span class='ocrx_word' id='word_1_17' title='bbox 1086 344 1293 400; x_wconf 85' lang='lat' dir='ltr'>exstirpari</span> <span class='ocrx_word' id='word_1_18' title='bbox 1316 346 1502 388; x_wconf 79' lang='lat' dir='ltr'>debeant.</span> <span class='ocrx_word' id='word_1_19' title='bbox 1535 350 1662 403; x_wconf 79' lang='lat' dir='ltr'>Agre-</span> 
     </span>
     <span class='ocr_line' id='line_1_4' title="bbox 221 429 1249 489; baseline 0.006 -17"><span class='ocrx_word' id='word_1_20' title='bbox 221 429 348 473; x_wconf 81' lang='lat' dir='ltr'>stibus</span> <span class='ocrx_word' id='word_1_21' title='bbox 371 434 585 476; x_wconf 85' lang='lat' dir='ltr'>alburnum</span> <span class='ocrx_word' id='word_1_22' title='bbox 612 434 701 485; x_wconf 79' lang='lat' dir='ltr'>ejus</span> <span class='ocrx_word' id='word_1_23' title='bbox 732 435 886 478; x_wconf 83' lang='lat' dir='ltr'>arboris</span> <span class='ocrx_word' id='word_1_24' title='bbox 909 449 988 489; x_wconf 89' lang='lat' dir='ltr'>pro</span> <span class='ocrx_word' id='word_1_25' title='bbox 1008 436 1152 477; x_wconf 87' lang='lat' dir='ltr'>subere</span> <span class='ocrx_word' id='word_1_26' title='bbox 1178 436 1249 478; x_wconf 88' lang='lat' dir='ltr'>est.</span> 
     </span>
    </p>

    <p class='ocr_par' dir='ltr' id='par_1_3' title="bbox 218 505 1670 2208">
     <span class='ocr_line' id='line_1_5' title="bbox 414 505 1670 583; baseline 0.006 -20"><span class='ocrx_word' id='word_1_27' title='bbox 414 524 632 576; x_wconf 85' lang='lat' dir='ltr'><strong>Quoniam</strong></span> <span class='ocrx_word' id='word_1_28' title='bbox 671 521 836 565; x_wconf 76' lang='lat' dir='ltr'>Vetikam</span> <span class='ocrx_word' id='word_1_29' title='bbox 867 525 1029 566; x_wconf 84' lang='lat' dir='ltr'>circiter</span> <span class='ocrx_word' id='word_1_30' title='bbox 1066 528 1214 568; x_wconf 87' lang='lat' dir='ltr'>horam</span> <span class='ocrx_word' id='word_1_31' title='bbox 1246 536 1438 582; x_wconf 82' lang='lat' dir='ltr'>quartam</span> <span class='ocrx_word' id='word_1_32' title='bbox 1474 505 1670 583; x_wconf 55' lang='lat' dir='ltr'>perveni-⁸&gt;</span> 
     </span>
     <span class='ocr_line' id='line_1_6' title="bbox 223 611 1659 673; baseline 0.008 -23"><span class='ocrx_word' id='word_1_33' title='bbox 223 622 344 662; x_wconf 79' lang='lat' dir='ltr'>mus,</span> <span class='ocrx_word' id='word_1_34' title='bbox 375 611 466 651; x_wconf 82' lang='lat' dir='ltr'>satis</span> <span class='ocrx_word' id='word_1_35' title='bbox 490 611 626 651; x_wconf 90' lang='lat' dir='ltr'>adhuc</span> <span class='ocrx_word' id='word_1_36' title='bbox 649 612 725 652; x_wconf 88' lang='lat' dir='ltr'>diei</span> <span class='ocrx_word' id='word_1_37' title='bbox 756 613 996 666; x_wconf 85' lang='lat' dir='ltr'>supererat,</span> <span class='ocrx_word' id='word_1_38' title='bbox 1028 623 1077 654; x_wconf 90' lang='lat' dir='ltr'>ut</span> <span class='ocrx_word' id='word_1_39' title='bbox 1103 615 1281 656; x_wconf 81' lang='lat' dir='ltr'>vicinam</span> <span class='ocrx_word' id='word_1_40' title='bbox 1310 619 1523 672; x_wconf 83' lang='lat' dir='ltr'>regionem</span> <span class='ocrx_word' id='word_1_41' title='bbox 1550 619 1659 673; x_wconf 88' lang='lat' dir='ltr'>pedi-</span> 
     </span>
     <span class='ocr_line' id='line_1_7' title="bbox 220 696 1660 762; baseline 0.006 -21"><span class='ocrx_word' id='word_1_42' title='bbox 220 702 298 742; x_wconf 88' lang='lat' dir='ltr'>bus</span> <span class='ocrx_word' id='word_1_43' title='bbox 333 700 447 740; x_wconf 86' lang='lat' dir='ltr'>obire</span> <span class='ocrx_word' id='word_1_44' title='bbox 479 696 698 752; x_wconf 72' lang='lat' dir='ltr'>possemus.</span> <span class='ocrx_word' id='word_1_45' title='bbox 753 701 899 742; x_wconf 89' lang='lat' dir='ltr'>Primis</span> <span class='ocrx_word' id='word_1_46' title='bbox 939 701 1068 756; x_wconf 88' lang='lat' dir='ltr'>igitur</span> <span class='ocrx_word' id='word_1_47' title='bbox 1097 703 1346 746; x_wconf 83' lang='lat' dir='ltr'>salutationis</span> <span class='ocrx_word' id='word_1_48' title='bbox 1378 706 1524 748; x_wconf 82' lang='lat' dir='ltr'>officiis</span> <span class='ocrx_word' id='word_1_49' title='bbox 1555 710 1660 762; x_wconf 87' lang='lat' dir='ltr'>apud</span> 
     </span>
     <span class='ocr_line' id='line_1_8' title="bbox 219 785 1664 850; baseline 0.007 -22"><span class='ocrx_word' id='word_1_50' title='bbox 219 787 298 829; x_wconf 90' lang='lat' dir='ltr'>RR.</span> <span class='ocrx_word' id='word_1_51' title='bbox 314 791 386 829; x_wconf 92' lang='grc' dir='ltr'>ΡΡ.</span> <span class='ocrx_word' id='word_1_52' title='bbox 404 790 440 828; x_wconf 90' lang='lat' dir='ltr'>S.</span> <span class='ocrx_word' id='word_1_53' title='bbox 457 788 649 829; x_wconf 82' lang='lat' dir='ltr'>Francisci</span> <span class='ocrx_word' id='word_1_54' title='bbox 664 785 817 830; x_wconf 78' lang='lat' dir='ltr'>asseclas</span> <span class='ocrx_word' id='word_1_55' title='bbox 833 821 845 841; x_wconf 87' lang='lat'>,</span> <span class='ocrx_word' id='word_1_56' title='bbox 860 802 1047 844; x_wconf 87' lang='lat' dir='ltr'>quorum</span> <span class='ocrx_word' id='word_1_57' title='bbox 1066 793 1272 847; x_wconf 79' lang='lat' dir='ltr'>hospitio,</span> <span class='ocrx_word' id='word_1_58' title='bbox 1299 795 1583 850; x_wconf 69' lang='lat' dir='ltr'>convi&amp;uque</span> <span class='ocrx_word' id='word_1_59' title='bbox 1605 799 1664 839; x_wconf 84' lang='lat' dir='ltr'>ufi</span> 
     </span>
     <span class='ocr_line' id='line_1_9' title="bbox 219 877 1660 941; baseline 0.007 -23"><span class='ocrx_word' id='word_1_60' title='bbox 219 879 390 929; x_wconf 82' lang='lat' dir='ltr'>sumus,</span> <span class='ocrx_word' id='word_1_61' title='bbox 426 877 608 919; x_wconf 74' lang='lat' dir='ltr'>defunffi</span> <span class='ocrx_word' id='word_1_62' title='bbox 641 879 689 920; x_wconf 90' lang='lat' dir='ltr'>ad</span> <span class='ocrx_word' id='word_1_63' title='bbox 717 879 899 921; x_wconf 81' lang='lat' dir='ltr'>visendas</span> <span class='ocrx_word' id='word_1_64' title='bbox 920 882 1103 923; x_wconf 82' lang='lat' dir='ltr'>thermas</span> <span class='ocrx_word' id='word_1_65' title='bbox 1137 894 1313 926; x_wconf 87' lang='lat' dir='ltr'>centum</span> <span class='ocrx_word' id='word_1_66' title='bbox 1343 885 1454 927; x_wconf 87' lang='lat' dir='ltr'>forte</span> <span class='ocrx_word' id='word_1_67' title='bbox 1484 886 1660 941; x_wconf 80' lang='lat' dir='ltr'>paffibus</span> 
     </span>
     <span class='ocr_line' id='line_1_10' title="bbox 218 969 1659 1031; baseline 0.005 -19"><span class='ocrx_word' id='word_1_68' title='bbox 218 973 269 1012; x_wconf 85' lang='lat' dir='ltr'>ab</span> <span class='ocrx_word' id='word_1_69' title='bbox 299 970 455 1024; x_wconf 90' lang='lat' dir='ltr'>oppido</span> <span class='ocrx_word' id='word_1_70' title='bbox 491 969 689 1021; x_wconf 57' lang='lat' dir='ltr'>sejunetas</span> <span class='ocrx_word' id='word_1_71' title='bbox 730 970 1062 1024; x_wconf 76' lang='lat' dir='ltr'>properavimus,</span> <span class='ocrx_word' id='word_1_72' title='bbox 1115 973 1167 1016; x_wconf 84' lang='lat' dir='ltr'>Iis</span> <span class='ocrx_word' id='word_1_73' title='bbox 1203 974 1368 1017; x_wconf 85' lang='lat' dir='ltr'>scaturit</span> <span class='ocrx_word' id='word_1_74' title='bbox 1399 978 1509 1018; x_wconf 85' lang='lat' dir='ltr'>lacus</span> <span class='ocrx_word' id='word_1_75' title='bbox 1536 977 1659 1031; x_wconf 86' lang='lat' dir='ltr'>pedes</span> 
     </span>
     <span class='ocr_line' id='line_1_11' title="bbox 220 1061 1658 1117; baseline 0.006 -15"><span class='ocrx_word' id='word_1_76' title='bbox 220 1075 307 1102; x_wconf 91' lang='lat' dir='ltr'>non</span> <span class='ocrx_word' id='word_1_77' title='bbox 330 1061 501 1115; x_wconf 85' lang='lat' dir='ltr'>amplius</span> <span class='ocrx_word' id='word_1_78' title='bbox 527 1061 672 1102; x_wconf 85' lang='lat' dir='ltr'>decem</span> <span class='ocrx_word' id='word_1_79' title='bbox 703 1061 834 1107; x_wconf 84' lang='lat' dir='ltr'>latus,</span> <span class='ocrx_word' id='word_1_80' title='bbox 871 1061 1093 1117; x_wconf 82' lang='lat' dir='ltr'>longusue,</span> <span class='ocrx_word' id='word_1_81' title='bbox 1124 1064 1199 1105; x_wconf 89' lang='lat' dir='ltr'>sub</span> <span class='ocrx_word' id='word_1_82' title='bbox 1226 1076 1371 1108; x_wconf 88' lang='lat' dir='ltr'>monte</span> <span class='ocrx_word' id='word_1_83' title='bbox 1400 1069 1579 1109; x_wconf 86' lang='lat' dir='ltr'>calcareo</span> <span class='ocrx_word' id='word_1_84' title='bbox 1611 1071 1658 1110; x_wconf 82' lang='lat' dir='ltr'>ab</span> 
     </span>
     <span class='ocr_line' id='line_1_12' title="bbox 221 1149 1659 1210; baseline 0.006 -18"><span class='ocrx_word' id='word_1_85' title='bbox 221 1152 300 1206; x_wconf 83' lang='lat' dir='ltr'>ipsa</span> <span class='ocrx_word' id='word_1_86' title='bbox 332 1159 480 1192; x_wconf 89' lang='lat' dir='ltr'>natura</span> <span class='ocrx_word' id='word_1_87' title='bbox 508 1150 737 1199; x_wconf 82' lang='lat' dir='ltr'>formatus,</span> <span class='ocrx_word' id='word_1_88' title='bbox 777 1149 894 1200; x_wconf 82' lang='lat' dir='ltr'>cuius</span> <span class='ocrx_word' id='word_1_89' title='bbox 929 1151 990 1191; x_wconf 91' lang='lat' dir='ltr'>ori</span> <span class='ocrx_word' id='word_1_90' title='bbox 1017 1152 1058 1192; x_wconf 92' lang='lat' dir='ltr'>in</span> <span class='ocrx_word' id='word_1_91' title='bbox 1086 1152 1306 1204; x_wconf 61' lang='lat' dir='ltr'>subjectam</span> <span class='ocrx_word' id='word_1_92' title='bbox 1328 1158 1659 1210; x_wconf 76' lang='lat' dir='ltr'>profunditatem</span> 
     </span>
     <span class='ocr_line' id='line_1_13' title="bbox 219 1240 1661 1303; baseline 0.006 -22"><span class='ocrx_word' id='word_1_93' title='bbox 219 1241 379 1296; x_wconf 86' lang='lat' dir='ltr'>patenti</span> <span class='ocrx_word' id='word_1_94' title='bbox 396 1240 657 1295; x_wconf 76' lang='lat' dir='ltr'>providentia</span> <span class='ocrx_word' id='word_1_95' title='bbox 676 1241 900 1282; x_wconf 82' lang='lat' dir='ltr'>incolarum</span> <span class='ocrx_word' id='word_1_96' title='bbox 920 1241 1158 1284; x_wconf 64' lang='lat' dir='ltr'>cataraetam</span> <span class='ocrx_word' id='word_1_97' title='bbox 1178 1247 1419 1298; x_wconf 77' lang='lat' dir='ltr'>praetendit,</span> <span class='ocrx_word' id='word_1_98' title='bbox 1441 1261 1515 1302; x_wconf 89' lang='lat' dir='ltr'>per</span> <span class='ocrx_word' id='word_1_99' title='bbox 1533 1262 1661 1303; x_wconf 81' lang='lat' dir='ltr'>quam</span> 
     </span>
     <span class='ocr_line' id='line_1_14' title="bbox 221 1330 1660 1394; baseline 0.006 -22"><span class='ocrx_word' id='word_1_100' title='bbox 221 1331 451 1373; x_wconf 78' lang='lat' dir='ltr'>redundans</span> <span class='ocrx_word' id='word_1_101' title='bbox 471 1345 575 1386; x_wconf 82' lang='lat' dir='ltr'>aqua</span> <span class='ocrx_word' id='word_1_102' title='bbox 598 1331 762 1372; x_wconf 88' lang='lat' dir='ltr'>modico</span> <span class='ocrx_word' id='word_1_103' title='bbox 777 1362 787 1379; x_wconf 93' lang='lat'>,</span> <span class='ocrx_word' id='word_1_104' title='bbox 810 1330 875 1371; x_wconf 87' lang='lat' dir='ltr'>sed</span> <span class='ocrx_word' id='word_1_105' title='bbox 900 1341 1109 1386; x_wconf 88' lang='lat' dir='ltr'>perpetuo</span> <span class='ocrx_word' id='word_1_106' title='bbox 1128 1334 1222 1375; x_wconf 90' lang='lat' dir='ltr'>rivo</span> <span class='ocrx_word' id='word_1_107' title='bbox 1242 1336 1409 1389; x_wconf 81' lang='lat' dir='ltr'>defluit,</span> <span class='ocrx_word' id='word_1_108' title='bbox 1432 1337 1660 1394; x_wconf 87' lang='lat' dir='ltr'>vicinoque</span> 
     </span>
     <span class='ocr_line' id='line_1_15' title="bbox 219 1421 1660 1475; baseline 0.006 -13"><span class='ocrx_word' id='word_1_109' title='bbox 219 1435 313 1462; x_wconf 84' lang='lat' dir='ltr'>cum</span> <span class='ocrx_word' id='word_1_110' title='bbox 334 1434 453 1462; x_wconf 85' lang='lat' dir='ltr'>amne</span> <span class='ocrx_word' id='word_1_111' title='bbox 478 1422 516 1461; x_wconf 88' lang='lat' dir='ltr'>se</span> <span class='ocrx_word' id='word_1_112' title='bbox 540 1421 774 1461; x_wconf 87' lang='lat' dir='ltr'>confundit.</span> <span class='ocrx_word' id='word_1_113' title='bbox 807 1422 927 1462; x_wconf 83' lang='lat' dir='ltr'>Nulla</span> <span class='ocrx_word' id='word_1_114' title='bbox 950 1432 1146 1475; x_wconf 85' lang='lat' dir='ltr'>praeterea</span> <span class='ocrx_word' id='word_1_115' title='bbox 1171 1425 1316 1467; x_wconf 83' lang='lat' dir='ltr'>salubri</span> <span class='ocrx_word' id='word_1_116' title='bbox 1340 1425 1450 1467; x_wconf 83' lang='lat' dir='ltr'>fonti</span> <span class='ocrx_word' id='word_1_117' title='bbox 1474 1441 1571 1469; x_wconf 89' lang='lat' dir='ltr'>cura</span> <span class='ocrx_word' id='word_1_118' title='bbox 1597 1430 1660 1470; x_wconf 86' lang='lat' dir='ltr'>ad·</span> 
     </span>
     <span class='ocr_line' id='line_1_16' title="bbox 218 1502 1658 1573; baseline 0.006 -22"><span class='ocrx_word' id='word_1_119' title='bbox 218 1512 350 1552; x_wconf 84' lang='lat' dir='ltr'>hibita</span> <span class='ocrx_word' id='word_1_120' title='bbox 375 1510 460 1562; x_wconf 82' lang='lat' dir='ltr'>est,</span> <span class='ocrx_word' id='word_1_121' title='bbox 506 1524 582 1551; x_wconf 87' lang='lat' dir='ltr'>nec</span> <span class='ocrx_word' id='word_1_122' title='bbox 614 1502 772 1551; x_wconf 61' lang='lat' dir='ltr'>teffiurn</span> <span class='ocrx_word' id='word_1_123' title='bbox 805 1512 1062 1566; x_wconf 85' lang='lat' dir='ltr'>impofitum.</span> <span class='ocrx_word' id='word_1_124' title='bbox 1109 1516 1232 1569; x_wconf 87' lang='lat' dir='ltr'>Aqua</span> <span class='ocrx_word' id='word_1_125' title='bbox 1258 1516 1377 1570; x_wconf 86' lang='lat' dir='ltr'>supra</span> <span class='ocrx_word' id='word_1_126' title='bbox 1402 1520 1457 1570; x_wconf 81' lang='lat'>84</span> <span class='ocrx_word' id='word_1_127' title='bbox 1482 1519 1658 1573; x_wconf 84' lang='lat' dir='ltr'>gradum</span> 
     </span>
     <span class='ocr_line' id='line_1_17' title="bbox 218 1601 1658 1662; baseline 0.005 -18"><span class='ocrx_word' id='word_1_128' title='bbox 218 1601 549 1644; x_wconf 82' lang='lat' dir='ltr'>Fahrenheitiani</span> <span class='ocrx_word' id='word_1_129' title='bbox 571 1602 867 1643; x_wconf 86' lang='lat' dir='ltr'>thermometri</span> <span class='ocrx_word' id='word_1_130' title='bbox 886 1617 972 1644; x_wconf 90' lang='lat' dir='ltr'>non</span> <span class='ocrx_word' id='word_1_131' title='bbox 993 1604 1114 1646; x_wconf 82' lang='lat' dir='ltr'>calet:</span> <span class='ocrx_word' id='word_1_132' title='bbox 1146 1605 1276 1646; x_wconf 91' lang='lat' dir='ltr'>odore</span> <span class='ocrx_word' id='word_1_133' title='bbox 1298 1605 1357 1648; x_wconf 85' lang='lat' dir='ltr'>est</span> <span class='ocrx_word' id='word_1_134' title='bbox 1377 1621 1508 1662; x_wconf 92' lang='lat' dir='ltr'>prope</span> <span class='ocrx_word' id='word_1_135' title='bbox 1525 1611 1658 1652; x_wconf 87' lang='lat' dir='ltr'>nullo:</span> 
     </span>
     <span class='ocr_line' id='line_1_18' title="bbox 218 1682 1659 1755; baseline 0.005 -20"><span class='ocrx_word' id='word_1_136' title='bbox 218 1693 369 1748; x_wconf 87' lang='lat' dir='ltr'>liquida</span> <span class='ocrx_word' id='word_1_137' title='bbox 388 1699 602 1746; x_wconf 79' lang='lat' dir='ltr'>praeterea,</span> <span class='ocrx_word' id='word_1_138' title='bbox 630 1682 761 1747; x_wconf 79' lang='lat' dir='ltr'>atque</span> <span class='ocrx_word' id='word_1_139' title='bbox 781 1693 822 1734; x_wconf 87' lang='lat' dir='ltr'>in</span> <span class='ocrx_word' id='word_1_140' title='bbox 841 1694 946 1735; x_wconf 64' lang='lat' dir='ltr'>arsta</span> <span class='ocrx_word' id='word_1_141' title='bbox 970 1695 1070 1755; x_wconf 68' lang='lat' dir='ltr'>adeo</span> <span class='ocrx_word' id='word_1_142' title='bbox 1092 1710 1188 1738; x_wconf 90' lang='lat' dir='ltr'>cum</span> <span class='ocrx_word' id='word_1_143' title='bbox 1208 1696 1342 1738; x_wconf 86' lang='lat' dir='ltr'>alienis</span> <span class='ocrx_word' id='word_1_144' title='bbox 1361 1699 1516 1741; x_wconf 84' lang='lat' dir='ltr'>naturis</span> <span class='ocrx_word' id='word_1_145' title='bbox 1541 1701 1659 1743; x_wconf 91' lang='lat' dir='ltr'>unio-</span> 
     </span>
     <span class='ocr_line' id='line_1_19' title="bbox 219 1781 1658 1845; baseline 0.007 -21"><span class='ocrx_word' id='word_1_146' title='bbox 219 1797 296 1832; x_wconf 89' lang='lat' dir='ltr'>ne,</span> <span class='ocrx_word' id='word_1_147' title='bbox 342 1791 389 1823; x_wconf 88' lang='lat' dir='ltr'>ut</span> <span class='ocrx_word' id='word_1_148' title='bbox 415 1783 497 1823; x_wconf 82' lang='lat' dir='ltr'>five</span> <span class='ocrx_word' id='word_1_149' title='bbox 528 1781 606 1822; x_wconf 86' lang='lat' dir='ltr'>leni</span> <span class='ocrx_word' id='word_1_150' title='bbox 632 1782 724 1837; x_wconf 88' lang='lat' dir='ltr'>igne</span> <span class='ocrx_word' id='word_1_151' title='bbox 745 1814 757 1834; x_wconf 87' lang='lat'>,</span> <span class='ocrx_word' id='word_1_152' title='bbox 809 1784 891 1825; x_wconf 85' lang='lat' dir='ltr'>five</span> <span class='ocrx_word' id='word_1_153' title='bbox 921 1786 1007 1828; x_wconf 88' lang='lat' dir='ltr'>solo</span> <span class='ocrx_word' id='word_1_154' title='bbox 1037 1788 1211 1828; x_wconf 84' lang='lat' dir='ltr'>naturali</span> <span class='ocrx_word' id='word_1_155' title='bbox 1242 1790 1372 1829; x_wconf 89' lang='lat' dir='ltr'>calore</span> <span class='ocrx_word' id='word_1_156' title='bbox 1399 1801 1658 1845; x_wconf 78' lang='lat' dir='ltr'>vaporetur,</span> 
     </span>
     <span class='ocr_line' id='line_1_20' title="bbox 219 1871 1659 1931; baseline 0.007 -17"><span class='ocrx_word' id='word_1_157' title='bbox 219 1875 381 1916; x_wconf 87' lang='lat' dir='ltr'>nullum</span> <span class='ocrx_word' id='word_1_158' title='bbox 411 1872 452 1913; x_wconf 91' lang='lat' dir='ltr'>in</span> <span class='ocrx_word' id='word_1_159' title='bbox 475 1871 606 1913; x_wconf 90' lang='lat' dir='ltr'>fundo</span> <span class='ocrx_word' id='word_1_160' title='bbox 629 1872 729 1914; x_wconf 81' lang='lat' dir='ltr'>vafis</span> <span class='ocrx_word' id='word_1_161' title='bbox 759 1873 975 1916; x_wconf 84' lang='lat' dir='ltr'>craffamen</span> <span class='ocrx_word' id='word_1_162' title='bbox 1002 1877 1197 1931; x_wconf 86' lang='lat' dir='ltr'>deponat.</span> <span class='ocrx_word' id='word_1_163' title='bbox 1235 1879 1586 1923; x_wconf 84' lang='lat' dir='ltr'>Commemoratu</span> <span class='ocrx_word' id='word_1_164' title='bbox 1607 1883 1659 1924; x_wconf 87' lang='lat' dir='ltr'>di-</span> 
     </span>
     <span class='ocr_line' id='line_1_21' title="bbox 218 1962 1657 2026; baseline 0.007 -21"><span class='ocrx_word' id='word_1_165' title='bbox 218 1976 346 2022; x_wconf 83' lang='lat' dir='ltr'>gnum</span> <span class='ocrx_word' id='word_1_166' title='bbox 365 1962 424 2004; x_wconf 81' lang='lat' dir='ltr'>est</span> <span class='ocrx_word' id='word_1_167' title='bbox 438 1993 450 2012; x_wconf 90' lang='lat'>‚</span> <span class='ocrx_word' id='word_1_168' title='bbox 481 1975 635 2016; x_wconf 84' lang='lat' dir='ltr'>aquam</span> <span class='ocrx_word' id='word_1_169' title='bbox 660 1964 765 2005; x_wconf 87' lang='lat' dir='ltr'>hanc</span> <span class='ocrx_word' id='word_1_170' title='bbox 787 1965 828 2006; x_wconf 90' lang='lat' dir='ltr'>in</span> <span class='ocrx_word' id='word_1_171' title='bbox 848 1967 984 2022; x_wconf 82' lang='lat' dir='ltr'>lagena</span> <span class='ocrx_word' id='word_1_172' title='bbox 1003 1966 1131 2008; x_wconf 89' lang='lat' dir='ltr'>calido</span> <span class='ocrx_word' id='word_1_173' title='bbox 1161 1968 1201 2009; x_wconf 90' lang='lat' dir='ltr'>in</span> <span class='ocrx_word' id='word_1_174' title='bbox 1222 1971 1343 2011; x_wconf 87' lang='lat' dir='ltr'>cubili</span> <span class='ocrx_word' id='word_1_175' title='bbox 1365 1971 1472 2025; x_wconf 84' lang='lat' dir='ltr'>ipsos</span> <span class='ocrx_word' id='word_1_176' title='bbox 1499 1985 1547 2026; x_wconf 84' lang='lat'>13</span> <span class='ocrx_word' id='word_1_177' title='bbox 1574 1974 1657 2015; x_wconf 80' lang='lat' dir='ltr'>dies</span> 
     </span>
     <span class='ocr_line' id='line_1_22' title="bbox 220 2055 1655 2114; baseline 0.006 -18"><span class='ocrx_word' id='word_1_178' title='bbox 220 2055 425 2096; x_wconf 84' lang='lat' dir='ltr'>servatam</span> <span class='ocrx_word' id='word_1_179' title='bbox 446 2066 594 2107; x_wconf 81' lang='lat' dir='ltr'>puram</span> <span class='ocrx_word' id='word_1_180' title='bbox 617 2055 741 2105; x_wconf 86' lang='lat' dir='ltr'>adeo,</span> <span class='ocrx_word' id='word_1_181' title='bbox 770 2066 897 2112; x_wconf 87' lang='lat' dir='ltr'>atque</span> <span class='ocrx_word' id='word_1_182' title='bbox 923 2058 1126 2114; x_wconf 83' lang='lat' dir='ltr'>integram</span> <span class='ocrx_word' id='word_1_183' title='bbox 1152 2059 1408 2114; x_wconf 74' lang='lat' dir='ltr'>perdurasse,</span> <span class='ocrx_word' id='word_1_184' title='bbox 1438 2071 1490 2103; x_wconf 91' lang='lat' dir='ltr'>ut</span> <span class='ocrx_word' id='word_1_185' title='bbox 1514 2076 1655 2105; x_wconf 88' lang='lat' dir='ltr'>errore</span> 
     </span>
     <span class='ocr_line' id='line_1_23' title="bbox 220 2143 1656 2208; baseline 0.005 -20"><span class='ocrx_word' id='word_1_186' title='bbox 220 2147 359 2201; x_wconf 87' lang='lat' dir='ltr'>aliquo</span> <span class='ocrx_word' id='word_1_187' title='bbox 381 2143 424 2186; x_wconf 90' lang='lat' dir='ltr'>in</span> <span class='ocrx_word' id='word_1_188' title='bbox 446 2159 493 2187; x_wconf 85' lang='grc' dir='ltr'>ος</span> <span class='ocrx_word' id='word_1_189' title='bbox 514 2154 681 2199; x_wconf 87' lang='lat' dir='ltr'>accepta</span> <span class='ocrx_word' id='word_1_190' title='bbox 706 2160 791 2187; x_wconf 90' lang='lat' dir='ltr'>non</span> <span class='ocrx_word' id='word_1_191' title='bbox 810 2148 934 2204; x_wconf 83' lang='lat' dir='ltr'>magis</span> <span class='ocrx_word' id='word_1_192' title='bbox 957 2148 1128 2205; x_wconf 84' lang='lat' dir='ltr'>gustum</span> <span class='ocrx_word' id='word_1_193' title='bbox 1147 2149 1391 2203; x_wconf 83' lang='lat' dir='ltr'>offenderit,</span> <span class='ocrx_word' id='word_1_194' title='bbox 1416 2163 1540 2206; x_wconf 84' lang='lat' dir='ltr'>quam</span> <span class='ocrx_word' id='word_1_195' title='bbox 1561 2167 1656 2208; x_wconf 77' lang='lat' dir='ltr'>quae</span> 
     </span>
    </p>
   </div>
   <div class='ocr_carea' id='block_1_3' title="bbox 221 2234 1602 2376">
    <p class='ocr_par' dir='ltr' id='par_1_4' title="bbox 221 2234 1602 2376">
     <span class='ocr_line' id='line_1_24' title="bbox 221 2234 1174 2292; baseline 0.003 -15"><span class='ocrx_word' id='word_1_196' title='bbox 221 2236 281 2278; x_wconf 84' lang='lat' dir='ltr'>est</span> <span class='ocrx_word' id='word_1_197' title='bbox 300 2234 545 2292; x_wconf 84' lang='lat' dir='ltr'>probiffima.</span> <span class='ocrx_word' id='word_1_198' title='bbox 588 2237 733 2291; x_wconf 88' lang='lat' dir='ltr'>Atque</span> <span class='ocrx_word' id='word_1_199' title='bbox 762 2237 849 2279; x_wconf 79' lang='lat' dir='ltr'>haec</span> <span class='ocrx_word' id='word_1_200' title='bbox 868 2251 919 2280; x_wconf 90' lang='lat' dir='ltr'>eo</span> <span class='ocrx_word' id='word_1_201' title='bbox 945 2239 1080 2281; x_wconf 87' lang='lat' dir='ltr'>adhuc</span> <span class='ocrx_word' id='word_1_202' title='bbox 1098 2237 1174 2281; x_wconf 90' lang='lat' dir='ltr'>die.</span> 
     </span>
     <span class='ocr_line' id='line_1_25' title="bbox 1452 2332 1602 2376; baseline 0.007 -2"><span class='ocrx_word' id='word_1_203' title='bbox 1452 2332 1602 2376; x_wconf 84' lang='lat' dir='ltr'>Postri-</span> 
     </span>
    </p>
   </div>
  </div>
 </body>
</html>
