2003 2876
661 163 716 220 ss
834 161 1041 220 (17)
1160 162 1214 216 ts:

414 276 509 318 Xn.
541 274 736 318 Kalendas
764 274 885 328 Julias
916 269 1147 329 Tsepinum,
1178 273 1377 330 quoniam
1406 273 1482 318 diei
1515 275 1660 319 itinere

223 364 255 406 is
285 365 402 409 locus
428 365 610 423 Quinque
627 388 642 396 ·
668 362 847 420 Ecclesiis
876 365 1008 418 abest,
1039 365 1321 422 pervenimus.
1373 366 1447 407 Via
1475 366 1661 421 primum

221 457 370 500 clivosa
384 489 396 509 ,
428 458 565 512 quoad
587 454 807 507 Siklofinum
825 470 910 501 non
934 459 1134 513 inelegans
1151 455 1354 511 oppidum
1377 456 1660 510 perveniatur5

221 548 365 590 deinde
392 549 503 602 plana
532 546 606 588 est.
641 547 935 599 CumprImum
959 547 1236 603 praegrandem
1251 578 1263 598 ‚
1296 547 1334 590 ὅτ
1356 547 1397 588 in
1417 556 1544 589 tenue
1568 560 1659 588 acu·

222 654 320 683 men
345 637 596 692 fastigiatum
624 643 816 677 montem
848 633 1023 691 Harsa'ny
1049 636 1309 689 praetervecti
1338 637 1475 678 sumus
1492 668 1504 689 ‚
1534 637 1661 691 despi-

222 742 313 771 cere
344 727 548 780 coepimus
579 723 850 778 campestrem
881 725 987 766 illam
1012 725 1226 780 regionem
1245 755 1257 776 ‚
1311 738 1404 779 quae
1436 727 1660 777 Danubio,

220 822 451 872 Dravoque
473 814 705 871 perluitur,
736 815 776 858 &
799 829 874 870 per
894 825 1056 870 partem
1081 815 1304 871 Hungariae
1328 830 1414 856 non
1443 817 1632 871 exiguam
1647 847 1659 868 ‚

220 908 440 953 Sclavoniae
470 914 613 946 autem
642 906 891 960 praeeipuam
918 906 1160 962 porrigitur.
1216 904 1395 949 Difficile
1431 906 1543 948 dian
1576 905 1660 956 est,

218 1012 304 1055 qua
325 1000 544 1051 voluptate
573 995 732 1037 animus
757 996 946 1050 perfusus
976 997 1129 1050 fuerit,
1170 1011 1268 1039 cum
1301 997 1410 1038 oculi
1445 997 1661 1052 regionem

218 1103 302 1132 una
323 1090 441 1130 velut
465 1087 779 1142 contignatione
800 1089 1068 1133 humiliorem
1083 1121 1096 1142 ,
1127 1088 1467 1144 quaquaversum
1490 1086 1663 1144 aequiffi-

220 1194 287 1222 me
311 1178 592 1233 perlibratam‚
624 1192 701 1220 nec
729 1181 973 1232 ficeanmm,
1015 1189 1084 1221 aut
1109 1178 1312 1230 sterilem,
1346 1178 1412 1219 sed
1437 1178 1658 1234 irriguam,

220 1272 261 1313 ὅτ
285 1270 462 1323 campis,
493 1268 735 1322 pascuisque
750 1301 762 1321 ,
795 1272 833 1313 &
857 1272 956 1312 lucis
978 1267 1244 1312 amoeniffime
1269 1267 1497 1312 distinctam
1525 1269 1660 1311 intue-

217 1369 391 1410 rentur,
431 1370 508 1399 nec
540 1355 704 1410 possent
743 1371 914 1400 omnem
944 1360 1190 1401 extenfionis
1222 1360 1312 1409 ejus
1343 1359 1521 1401 modum
1547 1373 1660 1401 coma

217 1449 352 1506 plesti.
386 1451 534 1490 Unum
555 1448 794 1501 doluimus,
825 1450 942 1505 quod
973 1449 1169 1504 plurimas
1194 1448 1372 1490 vidimus
1401 1450 1589 1504 paludes,
1621 1451 1659 1493 &

217 1542 415 1584 immensa
440 1548 643 1581 terrarum
668 1539 793 1594 spatia
825 1539 1105 1589 arundinetis,
1147 1540 1186 1582 &
1213 1539 1375 1581 careffis
1401 1540 1657 1594 deformata,

216 1647 312 1690 quae
337 1634 482 1674 siccare
501 1663 514 1684 ‚
551 1631 590 1673 &
617 1630 806 1687 frugibus
826 1661 839 1680 ,
888 1631 1132 1686 pascuisque
1170 1641 1310 1686 aptare
1344 1646 1444 1673 cura
1474 1632 1660 1677 nondum

217 1723 314 1768 fuit.
348 1724 410 1765 'Ea
439 1733 533 1764 tum
557 1736 580 1762 a
616 1722 786 1764 floribus
809 1719 1042 1765 Senecionis
1064 1719 1257 1778 paludosi,
1290 1722 1364 1777 qui
1397 1737 1563 1766 auream
1592 1738 1659 1779 cy-

217 1827 330 1856 mam
363 1814 484 1868 supra
521 1814 766 1856 arundinem
801 1815 1036 1866 extulerat,
1097 1826 1202 1867 pene
1246 1821 1337 1853 tota
1377 1813 1659 1857 flavescebant„

218 1907 529 1959 Quoscumque
551 1916 697 1947 autem
721 1918 891 1959 campos
913 1906 978 1947 via
1002 1904 1209 1947 intercidit
1225 1936 1238 1958 ‚
1270 1918 1342 1946 eos
1366 1906 1444 1947 levi
1473 1920 1658 1960 purpura

214 1996 369 2039 tineos
400 1996 605 2049 vidimus,
637 1996 754 2052 quod
770 1993 957 2053 galegam
990 1992 1208 2050 officinalem
1236 2009 1289 2038 eo
1317 2005 1512 2052 tempore
1545 1997 1654 2039 flori-

212 2091 294 2133 bus
330 2088 496 2142 copiose
535 2089 574 2129 se
611 2087 857 2129 induentem
891 2088 944 2130 nil
977 2088 1111 2130 minus
1142 2089 1388 2142 frequenter
1421 2088 1620 2129 ediderint
1643 2120 1656 2141 ,

215 2193 346 2234 quam
370 2181 398 2220 fi
427 2180 515 2227 eius
545 2178 696 2221 semine
723 2179 869 2222 confici
894 2176 1075 2221 fuissent.
1124 2181 1224 2220 Eam
1260 2180 1444 2233 plantam
1475 2181 1589 2231 udis,
1619 2180 1658 2222 ὅτ

215 2270 439 2327 pinguibus
472 2269 571 2313 locis
604 2271 793 2313 dele&ari
819 2304 832 2325 ‚
869 2272 936 2314 sed
955 2303 967 2323 ‚
1015 2271 1131 2326 quod
1166 2271 1346 2324 mirum,
1385 2286 1407 2312 a
1438 2271 1657 2325 pecoribus

966 2365 1003 2405 C
1494 2374 1600 2401 nun-
