1916 2805
689 143 1268 204 ss(115)ss

247 273 336 302 non
365 258 617 315 intelligatur
652 258 772 312 sapor
796 272 808 305 5
838 256 955 312 quod
981 257 1022 298 in
1053 256 1161 298 nulla
1192 254 1321 296 fontis
1343 253 1692 297 administratione

248 351 404 392 mirum
426 348 554 391 videri
579 360 665 388 non
689 348 839 398 debet,
871 347 986 388 omni
1008 346 1166 388 circum
1194 345 1365 401 regione
1397 343 1604 401 stagnata,
1634 353 1694 386 at—

249 452 336 494 que
360 436 610 479 arundinetis
625 466 638 486 ,
669 439 706 479 &
729 436 865 479 saiifflis
887 438 995 480 fonti
1020 438 1225 492 praetenfis
1249 436 1329 488 ita,
1358 445 1409 476 ut
1429 436 1693 487 arbitremur,

252 530 300 571 ad
324 529 499 584 primam
524 530 674 568 harum
697 503 898 581 aquarum
926 529 1127 583 originem
1152 541 1204 568 ne
1225 527 1391 582 quidem
1415 527 1548 567 accedi
1567 523 1692 581 posse.

248 619 450 663 Credibile
475 617 561 668 est,
593 617 783 664 fontem,
814 619 842 658 si
868 628 1039 671 putres,
1070 616 1169 657 facili
1196 616 1386 670 delapsu,
1417 629 1534 671 aquae
1562 616 1695 657 detra-

248 712 406 750 hantur
426 738 438 758 ,
479 707 526 745 ad
559 704 743 745 nativam
779 705 895 745 suam
928 705 1161 746 bonitatem
1194 704 1430 745 rediturum
1453 736 1465 755 ‚
1511 705 1692 746 maximo

245 794 470 853 provinciae
511 793 801 834 emolumento
822 816 835 838 ,
873 791 942 832 cui
978 801 1124 834 natura
1158 793 1379 833 medicatas
1408 794 1497 842 ejus
1534 803 1692 834 naturae

246 898 373 941 aquas
397 881 607 939 denegasse
633 885 874 936 putabatur.
915 885 1013 936 Qua
1036 883 1084 924 ad
1114 883 1280 923 fontem
1312 881 1376 924 via
1401 881 1486 932 est,
1516 883 1689 924 solitaria

246 975 324 1017 saxi
349 974 504 1016 tritorii
531 971 684 1028 optimi
705 972 834 1014 frusta
855 973 989 1024 jacent
1003 1004 1014 1024 ,
1039 987 1061 1013 a
1087 971 1314 1022 majoribus
1327 1001 1339 1020 ,
1361 972 1471 1013 haud
1491 972 1662 1014 dubium
1679 1003 1692 1024 ,

246 1065 427 1107 molibus
453 1063 629 1104 defrasta
650 1093 661 1114 ‚
695 1062 736 1102 in
767 1076 861 1117 quae
896 1062 1134 1106 foffionibus
1171 1061 1382 1118 inquirere
1415 1063 1608 1114 juvaret,
1641 1076 1694 1105 eo

250 1155 405 1212 magis,
438 1154 554 1209 quod
589 1152 740 1205 lapides
768 1152 808 1193 in
840 1154 1041 1195 molarum
1071 1155 1168 1194 usus
1194 1166 1216 1193 e
1244 1151 1479 1207 longinquo
1497 1184 1509 1204 ,
1544 1153 1584 1193 &
1610 1154 1692 1206 ple-

248 1257 431 1299 rumque
467 1243 673 1298 Quinque
689 1268 700 1276 -
724 1244 906 1286 Ecclefiis
929 1245 970 1286 in
997 1256 1166 1285 omnem
1195 1242 1455 1298 provinciam
1486 1243 1692 1285 advehere

251 1343 462 1390 oporteat.

439 1421 626 1464 Kalendis
666 1422 844 1479 Augusti
889 1425 1126 1466 transcenfis
1163 1424 1379 1466 montibus
1418 1437 1440 1465 e
1477 1423 1690 1478 provincia

246 1513 450 1568 Posegana
475 1509 735 1564 exceffimm,
766 1514 1170 1569 properavimusque
1194 1513 1344 1555 eodem
1364 1515 1500 1555 adhuc
1521 1515 1585 1556 die
1612 1511 1692 1566 Cse-

246 1602 382 1658 pinum
408 1601 639 1656 pervenire.
667 1603 787 1644 Prius
813 1614 978 1655 tamen,
1010 1616 1137 1659 quam
1162 1606 1270 1645 ultra
1297 1603 1609 1658 progredimur,
1630 1603 1691 1655 ju—

246 1693 380 1743 vabit,
417 1705 696 1747 quaecumque
723 1694 1197 1737 brevicommorationis
1224 1694 1373 1735 nostrae
1398 1704 1588 1748 tempore
1607 1695 1690 1735 five

247 1783 319 1838 ipfi
342 1782 727 1832 animadvertimus,
745 1784 828 1825 five
849 1799 871 1825 a
892 1785 1035 1839 peritis
1059 1784 1302 1835 didicimus,
1328 1785 1394 1825 hie
1414 1785 1531 1825 fimul
1552 1784 1691 1825 omnia

247 1873 365 1915 brevi
396 1872 629 1914 narratione
648 1873 880 1926 complesti.
915 1877 1013 1930 Qua
1039 1876 1081 1917 in
1106 1890 1152 1917 re
1173 1887 1505 1931 praemonemus,
1538 1875 1587 1916 de
1610 1876 1689 1916 sola

245 1963 449 2018 Pofegana
471 1960 705 2016 provincia,
737 1976 825 2005 non
859 1965 909 2006 de
938 1967 1125 2009 universa
1151 1965 1362 2008 Sclavonia
1393 1964 1510 2006 nobis
1540 1965 1688 2005 sermo-

244 2067 345 2097 nem
371 2049 458 2095 effe,

433 2143 699 2187 Provinciam
734 2143 923 2185 incolunt
959 2144 1082 2198 Illyrii
1109 2146 1325 2185 Sclavones
1344 2176 1356 2196 ,
1385 2146 1468 2186 five
1494 2145 1686 2186 Slavones

246 2234 370 2277 hodie
407 2234 621 2289 adpellari,
653 2246 782 2288 quam
811 2234 1174 2288 nuncupationem
1208 2248 1280 2277 eos
1309 2238 1359 2277 ab
1377 2236 1541 2292 Illyrico
1566 2248 1689 2277 voca-

931 2327 962 2367 P
993 2338 1020 2367 2
1533 2329 1630 2372 bulo
