1916 2805
679 128 1313 184 23³(122)53-

253 247 293 288 in
324 245 428 287 lesto
454 255 539 284 non
565 240 647 301 (ine
681 238 857 293 plumeis
890 237 1050 279 culcitis
1073 266 1087 285 ,
1118 220 1393 295 stragulisque
1423 242 1598 290 cubant3
1627 245 1688 294 'Ju-

253 345 407 378 ventus
431 334 533 372 dura
559 330 600 370 in
623 332 786 381 humo,
817 329 999 381 subjeeto
1024 329 1107 370 five
1137 309 1290 382 linteo,
1320 331 1403 373 five
1424 329 1563 383 veste,
1594 330 1692 374 ster-

255 425 396 474 nitur,
430 429 480 462 ut
499 407 651 473 corpus
674 434 697 459 a
721 418 875 460 teneris
903 418 1093 461 duretur.

444 510 516 553 Est
548 518 690 552 autem
722 509 856 550 omnis
881 521 980 565 gens
1009 509 1296 564 hospitalitatis
1326 510 1441 552 laude
1468 511 1696 566 praecipua5

259 604 429 658 fereque
456 600 498 642 in
530 611 619 642 eam
637 599 863 651 convenit,
906 599 1024 654 quod
1052 596 1224 641 Tacitus
1253 601 1304 641 de
1331 602 1548 643 Germanis
1573 601 1698 643 tradi·

263 694 345 736 dit:
379 689 651 742 Convifiibus,
686 687 737 730 Q?
767 686 948 744 hospitiis
974 700 1054 730 non
1082 688 1158 731 alia
1185 701 1295 745 gens
1320 688 1476 745 effusius
1503 688 1696 746 indulget.

263 784 554 839 Quemcumque
577 777 797 821 mortalium
824 790 964 820 arcere
988 777 1088 820 tefio
1105 809 1117 829 ,
1150 779 1270 835 nefas
1291 778 1483 831 habetur,
1515 789 1589 835 pro
1609 778 1699 834 sor-

264 882 364 916 tuna
397 870 565 928 quisque
596 868 810 924 apparatis
843 865 978 923 epulis
1010 867 1172 924 excipit.
1219 872 1332 912 Cum
1351 871 1536 911 defecere
1558 901 1570 920 ,
1607 881 1700 922 quae

262 965 533 1017 adparentur,
564 959 780 1012 penuriam
805 958 1014 1012 patienter
1045 960 1253 1008 tolerant,
1284 959 1424 1013 quoad
1449 957 1583 999 mesfis
1605 958 1702 998 hor-

261 1052 364 1103 reis,
397 1050 436 1092 &
467 1049 671 1092 vindemia
704 1049 810 1091 cellis
847 1048 950 1091 illata
982 1045 1069 1100 est,
1108 1048 1361 1105 rursumque
1402 1047 1538 1101 epulas
1567 1046 1701 1088 redin'·

267 1150 444 1198 tegrant.

455 1230 662 1272 Cibotum
687 1240 775 1270 non
798 1241 945 1283 magna
967 1227 1158 1270 varietas.
1191 1226 1338 1270 AEstate
1361 1226 1587 1281 plurimum
1611 1227 1707 1267 hor·

268 1322 476 1371 tenfibus,
509 1320 548 1362 &
577 1319 745 1361 diversis
774 1332 796 1359 e
819 1319 944 1360 farina
975 1319 1072 1360 cibis
1104 1318 1384 1365 sustinentur3
1415 1317 1551 1358 hieme
1579 1315 1706 1357 carni·

268 1416 373 1465 bus,
403 1410 611 1466 praecipue
640 1409 784 1456 suillis;
826 1421 1115 1463 quamquam,
1146 1410 1173 1449 fi
1199 1406 1259 1448 est
1284 1407 1515 1448 multitudo
1546 1403 1707 1460 brafficae

272 1501 482 1558 capitatae,
513 1512 599 1540 non
629 1497 839 1539 minimam
867 1505 1031 1551 partem
1062 1497 1310 1538 cibariorum
1339 1509 1412 1550 per
1441 1497 1621 1537 hiemem
1644 1506 1708 1536 ru-

272 1592 360 1636 stici
385 1589 620 1637 vindicant,
651 1587 757 1629 foliis
784 1587 871 1639 ejus
898 1587 1082 1628 tenuiter
1105 1588 1241 1640 sectis,
1272 1588 1434 1639 suoque
1458 1585 1607 1634 injure
1634 1585 1710 1625 fer-

275 1680 484 1726 mentatis.
520 1679 612 1720 Nec
635 1676 772 1718 minus
801 1677 1027 1719 cucurbitae
1054 1690 1203 1718 eorum
1230 1678 1372 1718 cibaria
1398 1675 1603 1724 adjuvant.
1635 1675 1711 1715 Eas

273 1772 415 1815 deraso
436 1769 592 1811 cortice
609 1781 706 1809 cum
724 1781 833 1823 aqua
853 1776 1049 1822 coquunt
1062 1797 1074 1818 ‚
1098 1768 1135 1809 &
1155 1780 1253 1807 cum
1275 1766 1467 1807 emollit-ae
1490 1766 1608 1816 sunt,
1629 1776 1715 1805 cre-

275 1876 393 1905 more
413 1860 519 1902 laetis
550 1859 766 1901 condiunt.
799 1858 1050 1900 Earumdem
1072 1858 1292 1911 pulpamen
1317 1857 1358 1896 in
1381 1858 1520 1912 longas
1546 1855 1713 1896 lamellas

276 1955 435 1996 sectum
451 1981 462 1998 ,
491 1959 619 2004 atque
645 1950 712 1990 vel
737 1950 1060 1999 fermentatum,
1091 1948 1156 1988 vel
1184 1947 1264 1988 sole
1287 1950 1504 1998 siccatum,
1538 1946 1577 1987 in
1602 1946 1714 1987 seros

277 2044 376 2085 usus
401 2048 629 2096 reponunt.
673 2041 969 2094 Quaecumque
994 2051 1016 2079 e
1045 2037 1172 2078 farina
1201 2040 1285 2079 five
1320 2051 1342 2078 e
1378 2037 1521 2078 tritico
1540 2067 1553 2085 ,
1585 2037 1668 2078 five
1692 2048 1715 2077 e

275 2134 358 2176 Zea
383 2133 504 2187 Mays
528 2128 678 2171 extrita
702 2129 959 2183 conficiunt,
990 2141 1035 2169 ea
1056 2128 1140 2169 fere
1165 2141 1262 2169 cum
1289 2128 1389 2168 laste
1414 2126 1623 2180 concoqui
1650 2138 1720 2177 pa·

278 2223 474 2269 tiuntur5
503 2222 604 2275 saepe
634 2228 777 2262 autem
803 2219 891 2262 solo
915 2220 1028 2261 lardo
1057 2219 1218 2272 liquato
1246 2217 1515 2271 perfundunt.
1548 2219 1595 2258 In
1618 2230 1717 2258 con-

1510 2307 1661 2351 dimen-
