2003 2876
791 168 844 223 πῃ
961 134 1171 220 (33)
1289 168 1343 222 ΣΞ

352 281 427 322 ridi
449 303 465 311 -
487 293 638 333 aureo,
668 280 750 332 jam
774 278 950 319 caeruleo
967 307 979 327 ‚
1011 275 1094 326 jam
1124 275 1250 316 etiarn
1275 274 1474 317 violaceo.
1506 278 1707 320 Antennae
1726 280 1785 320 ni-

353 384 447 425 grae.
478 373 644 422 Caput,
677 370 852 418 thorax,
884 366 1017 419 elytra
1038 363 1295 413 concoloria‚
1325 363 1591 406 minutiffime
1616 366 1783 420 pum-‘ka-

352 468 396 499 ta
415 458 575 511 punffis
600 454 947 511 prominentibus.
977 454 1026 495 In
1056 455 1292 510 elytrorum
1320 454 1457 495 sutura
1479 456 1526 496 ad
1547 464 1576 509 ἦ
1602 457 1784 512 longitu-

350 548 453 588 dinis
472 549 520 588 ab
538 547 649 601 apice
669 544 819 600 pundsta
836 546 921 587 duo
941 533 1047 596 alba,
1080 544 1121 584 in
1138 544 1291 598 quovis
1314 557 1463 598 nempe
1484 546 1622 601 elytro
1635 559 1783 586 unum.

349 640 397 679 In
419 638 571 677 annulo
597 637 821 678 abdominis
845 637 982 690 primo
1001 636 1157 678 macula
1178 636 1263 676 alba
1282 636 1480 690 superne,
1511 636 1551 677 in
1577 631 1635 677 2⁶¹⁰
1660 637 1697 679 &
1724 637 1787 686 3²³⁶

350 741 432 768 una
467 727 663 779 inferior,
694 729 816 768 altera
847 727 1033 782 superior
1043 741 1057 775 3
1107 727 1149 767 in
1180 726 1331 768 ultimo
1350 726 1468 768 infra.
1506 727 1651 780 Elytra
1679 735 1783 768 atte-

349 825 489 858 nuata.

543 904 749 964 Buprcflis
768 920 824 949 22
846 905 1048 963 punssata.
1089 907 1304 949 Convenit
1327 919 1425 948 cum
1450 907 1664 962 degenere.
1697 908 1786 949 Dis-

352 997 506 1038 crimen
536 997 596 1038 est
636 998 676 1038 in
707 1000 879 1039 thorace
902 997 1002 1039 huic
1027 998 1152 1052 magis
1180 1009 1393 1046 convexo,
1424 995 1462 1036 &
1485 997 1602 1050 quod
1629 1000 1787 1038 macula

352 1087 454 1128 flava
474 1088 604 1129 media
625 1088 902 1136 defideretur3
926 1088 1161 1142 marginales
1181 1099 1357 1140 quoque
1377 1087 1543 1127 maculae
1562 1086 1788 1128 admodum

351 1191 501 1230 parvae.
534 1180 580 1219 In
610 1177 763 1232 quovis
790 1179 927 1231 elytro
947 1178 1129 1230 maculae,
1161 1185 1233 1218 aut
1254 1176 1404 1218 restius
1426 1175 1578 1229 pumsta
1606 1176 1787 1218 aurantia

351 1267 577 1307 undecima.

542 1353 749 1413 Buprestis
770 1356 880 1411 flavo
899 1380 916 1387 -
931 1355 1115 1411 fasciam.
1166 1354 1323 1418 Habitu
1356 1354 1603 1409 praecedenti
1636 1356 1784 1398 fimilis.

353 1448 520 1489 Thorax
542 1449 697 1501 absque
719 1448 876 1487 macula
897 1446 1084 1488 cinereus
1117 1460 1140 1487 a
1169 1445 1270 1488 villis
1294 1446 1388 1487 albis
1415 1443 1716 1500 copiosissimis,
1739 1446 1787 1486 ad

352 1537 475 1579 basim
501 1538 650 1578 tubere
677 1536 826 1578 lineari.
878 1537 1020 1592 Elytra
1050 1537 1212 1578 fasciata
1245 1536 1360 1577 fascia
1395 1535 1576 1576 aurantia
1605 1534 1785 1591 duplici,

354 1629 500 1682 supra,
530 1628 568 1670 &
597 1627 698 1668 infra
727 1640 829 1682 quas
862 1627 1064 1681 punlstum
1090 1641 1236 1668 unum·
1255 1627 1503 1668 aurantium.
1542 1625 1787 1667 Abdominis

352 1719 562 1774 segmenta
590 1730 613 1771 3
640 1717 883 1769 ultima‚„&
907 1716 1049 1770 peetus
1072 1731 1092 1757 a
1118 1717 1219 1758 villis
1249 1719 1346 1759 alba.
1387 1712 1485 1759 Tab.
1505 1718 1595 1757 VII.
1616 1712 1700 1770 Fig.
1722 1728 1785 1756 12.

547 1803 751 1863 Buprestis
780 1803 908 1847 dubia.
941 1807 1001 1847 Ex
1035 1807 1202 1862 integro
1233 1809 1453 1858 concolor,
1485 1807 1693 1860 profunde
1723 1806 1787 1848 fu-

353 1898 449 1939 sco·
466 1898 697 1939 rubescens.
727 1897 896 1938 Thorax
918 1895 1186 1938 minutiffime
1206 1899 1430 1951 punuatus
1451 1897 1675 1938 admodum
1689 1910 1787 1939 con-

354 2000 484 2028 vexus
503 1986 659 2042 postice
682 1988 729 2028 ad
747 1989 869 2028 latera
889 1989 999 2041 quali
1023 1987 1232 2028 dentatus.
1271 1983 1366 2028 Ταῦ.
1397 1990 1484 2029 VII.
1521 1984 1606 2041 Fig.
1641 2000 1659 2028 1
1674 2001 1708 2028 1.

546 2073 751 2134 Buprestis
782 2076 998 2133 biguttata.
1029 2079 1195 2120 Thorax
1220 2078 1357 2133 niger,
1388 2076 1655 2118 minutiffime
1679 2091 1787 2131 pun-

354 2165 501 2209 &atusu
535 2169 676 2224 Elytra
703 2169 835 2218 laevia,
868 2169 1018 2225 exiguo
1043 2169 1257 2210 intervallo
1276 2183 1296 2208 a
1314 2170 1391 2209 bafi
1414 2178 1535 2223 gutta
1557 2181 1699 2224 magna
1718 2168 1784 2210 fla-

354 2274 441 2302 vo·
462 2262 717 2302 rubescente.
761 2261 912 2302 Cetera
935 2259 1061 2316 nigra.
1101 2253 1197 2300 Tab.
1229 2260 1319 2301 VII.
1350 2254 1437 2314 Eg*
1474 2272 1540 2314 13.

1600 2346 1727 2392 Tene-
