2003 2876
663 159 717 216 :3³
833 160 1045 217 (21)
1161 161 1216 219 23³

223 271 422 321 sentitur,
455 271 496 312 in
518 271 670 327 quibus
694 281 790 314 ante
812 273 930 316 binos
958 275 1089 317 solum
1111 288 1239 317 annos
1264 273 1359 316 lucii
1386 276 1476 326 ejus
1506 277 1660 334 magni-

223 361 378 402 tudinis
392 393 404 413 ,
434 370 484 403 ut
505 361 642 405 femur
664 364 846 406 hominis
866 362 1127 406 crassitudine
1148 376 1360 420 aequarent
1375 398 1388 418 ‚
1412 366 1568 408 retibus
1590 367 1663 408 im·

223 451 492 504 plicabantur.
523 453 711 496 Feliciter
741 455 906 507 evenit,
948 465 995 498 ut
1020 457 1152 497 solum
1181 457 1300 498 nullis
1330 456 1546 498 scaturiret
1567 457 1658 499 fon·

223 541 359 589 tibus;
399 551 576 597 propter
608 544 725 598 quod
758 545 996 598 patentibus
1030 547 1187 597 solum,
1226 560 1302 587 nec
1329 548 1479 589 crebris
1506 550 1555 590 ad
1583 547 1659 590 Vu÷

223 632 306 675 kam
334 633 490 674 flumen
517 631 725 687 perduffis
743 633 879 686 follis,
911 635 1196 688 cumprimum
1218 647 1363 688 aquae,
1404 650 1498 690 quae
1525 642 1660 681 culto-

219 738 316 767 rum
335 724 406 764 seu
427 722 699 778 negligentia,
727 723 798 764 seu
827 723 1033 779 imperitia
1059 738 1135 778 per
1165 725 1349 765 seculum
1370 725 1482 766 forte
1507 729 1662 770 resede-

219 822 345 865 runt,
386 800 845 866 inveteraveruntquffi
874 814 1081 868 delapsum
1115 816 1266 856 habere
1297 827 1490 869 coepere,
1528 819 1661 872 campi

218 903 350 945 ficcati
381 902 502 954 sunt,
540 902 679 956 paucis
711 902 862 944 lacunis
893 905 1097 956 retentis,
1137 917 1231 960 quae
1267 905 1456 958 precibus
1486 905 1661 950 rustico·

218 1009 315 1037 rum
342 989 536 1035 conceffae
570 993 691 1046 sunt,
733 1002 783 1034 ut
812 991 910 1036 esset
950 996 989 1036 in
1025 995 1188 1048 vicino,
1221 996 1292 1036 ubi
1321 996 1509 1049 canabis,
1550 997 1588 1039 &
1618 998 1662 1039 li-

219 1099 323 1127 num
343 1084 538 1127 macerari
561 1081 709 1138 poffet.
746 1084 928 1126 Deterfis
946 1086 1062 1139 aquis
1088 1085 1363 1128 difficillimam
1385 1087 1661 1140 exposcebant

219 1189 388 1231 operam
422 1172 579 1216 cumuli
608 1183 814 1214 terrarum
836 1207 847 1225 ,
888 1175 961 1229 qui
990 1176 1038 1215 ad
1070 1176 1221 1218 radices
1249 1177 1526 1228 arundinum,
1566 1178 1663 1219 cari·

218 1279 405 1320 cumque
435 1261 627 1312 exaltati,
661 1262 874 1317 inaequales
906 1278 1074 1319 campos
1105 1266 1250 1306 fecere.
1289 1267 1340 1308 lis
1371 1267 1558 1308 tollendis
1581 1282 1661 1308 ara·

217 1356 272 1397 tri
294 1355 502 1409 quoddam
526 1363 652 1409 genus
686 1351 750 1391 vir
779 1352 1045 1395 nobiliffimus
1072 1366 1339 1398 commentus
1366 1356 1425 1398 est
1442 1388 1453 1408 ,
1485 1357 1552 1398 cui
1579 1371 1659 1412 pro

215 1457 390 1488 vomere
418 1442 692 1499 praegrandis,
733 1456 818 1483 non
854 1443 902 1483 ad
934 1444 1274 1497 perpendiculum
1308 1456 1559 1497 normatus‚
1593 1446 1660 1487 sed

215 1536 263 1577 ad
295 1535 463 1577 libellam
487 1533 706 1586 dispositus
736 1536 872 1574 culter
904 1532 989 1586 est,
1028 1546 1119 1588 quo
1144 1537 1258 1588 quali
1292 1536 1471 1590 quadam
1499 1536 1661 1578 dolabra

215 1625 371 1668 cumuli
389 1623 656 1666 abraduntur.
697 1626 780 1667 Eos
811 1625 873 1666 ille
900 1625 940 1666 in
959 1637 1166 1667 concavos
1193 1639 1366 1668 acervos
1403 1628 1660 1682 compofitos

214 1716 400 1772 primum
420 1729 517 1756 aura
533 1745 545 1764 ,
578 1716 815 1771 solibusque
836 1715 969 1758 ficcari
993 1715 1178 1770 patitui-5
1208 1730 1308 1758 mox
1326 1716 1419 1772 igne
1443 1718 1659 1772 supposito

215 1808 256 1849 in
279 1808 440 1848 cineres
467 1805 580 1856 urit,
612 1806 764 1860 quibus
795 1820 965 1862 campos
988 1818 1178 1849 recenter
1205 1809 1375 1849 siccatos
1399 1809 1575 1865 spargit,
1607 1819 1658 1851 ut

214 1899 293 1939 fint
329 1895 621 1945 foecundiores.
654 1899 716 1938 Ita
749 1910 798 1938 ex
833 1896 1077 1952 iniquiffima
1104 1899 1180 1941 loci
1214 1899 1416 1954 qualitate
1440 1900 1565 1942 habet
1591 1900 1658 1941 ali-

214 1987 339 2042 quid,
371 2000 460 2041 quo
483 1999 582 2027 eum
604 1986 818 2028 meliorem
847 1989 1003 2030 reddat.
1035 1993 1180 2045 Atque
1214 1967 1411 2030 haue-nus
1434 1990 1520 2030 fere
1541 1990 1657 2032 indu·

213 2077 306 2119 stria
328 2077 499 2118 cultoris
519 2077 726 2130 pertinet,
759 2080 918 2134 reliqua
939 2088 1086 2120 natura
1110 2079 1293 2133 perficit,
1323 2079 1441 2131 cujus
1462 2080 1502 2121 in
1521 2094 1657 2122 crean-

212 2169 269 2210 do
303 2181 421 2209 novo
452 2168 605 2221 cespite
642 2168 745 2210 mira
777 2170 837 2211 est
865 2169 1088 2211 festinatio.
1137 2169 1339 2211 Palustres
1367 2169 1478 2210 enim
1511 2172 1656 2224 plantae

212 2260 466 2314 pratensibus
497 2259 684 2300 celeriter
707 2259 810 2301 adeo
848 2262 990 2302 locum
1015 2255 1190 2311 cessere,
1222 2269 1273 2301 ut
1300 2259 1370 2300 nifi
1406 2266 1515 2312 poam
1543 2258 1655 2314 palu·

892 2354 929 2393 C
964 2364 982 2399 3
1476 2345 1598 2404 strem
