2003 2876
694 158 749 211 25³
847 159 864 212 (
924 171 948 211 5
1016 166 1037 214 )
1137 159 1191 214 23³

221 268 464 313 hominibus
484 302 494 319 ‚
526 270 640 310 nullo
667 269 863 310 auxilium
890 269 1077 318 ferente,
1110 272 1391 327 conflagraret.
1441 278 1566 317 Anno
1597 279 1662 319 de.

221 361 314 402 inde
352 362 436 402 hoc
469 362 507 402 &
542 358 709 414 potiore
740 351 1134 414 insequentis'parte
1172 372 1312 415 pacata
1351 366 1487 407 omnia
1527 368 1656 410 fuere.

220 454 275 495 Et
293 451 374 501 jam
405 453 444 492 in
459 453 570 492 nullo
589 450 816 490 discrimine
848 445 924 489 effe
959 448 1178 491 instaurata
1204 452 1296 505 post
1322 455 1556 499 incendium
1583 446 1655 499 doss

221 557 315 585 mus
346 542 566 582 videbatur
584 572 595 588 ‚
637 553 735 580 cum
763 542 887 581 Anno
925 543 1043 589 1781.
1075 541 1202 593 pridie
1223 536 1368 585 Nonas
1389 547 1655 599 Septembres

218 634 341 686 pleno
367 630 430 671 die
460 630 499 669 in
533 629 613 668 ima
642 627 738 668 teffi
762 635 879 680 parte
897 656 909 676 ‚
941 629 1034 669 loeo
1055 631 1182 681 casui,
1214 644 1286 673 aut
1310 632 1465 681 injuriae
1491 636 1657 678 minime

218 728 493 773 opportun0‚
517 715 723 757 flammam
760 725 934 769 repente
968 718 1076 759 fudit
1102 734 1114 766 3
1146 732 1192 760 ea
1233 718 1377 760 adfusse
1409 722 1510 763 illico
1543 739 1657 778 aquae

216 784 346 852 ceffit.
400 808 575 850 Postero
609 807 673 848 die
704 806 863 848 coortis
905 806 1132 861 improviso
1168 810 1206 850 in
1244 811 1382 852 vicino
1411 811 1550 863 tecto,
1583 814 1657 855 sub

216 914 307 955 quo
345 900 506 941 foenum
541 897 761 938 conditum
789 904 878 937 erat
908 927 920 946 ‚
966 897 1140 952 ignibus,
1185 910 1228 941 et
1265 902 1391 942 flante
1421 905 1469 943 ab
1500 904 1658 945 Austro

216 1000 351 1031 vento
380 989 426 1029 ad
463 987 595 1029 vicina
624 988 730 1028 testa
763 987 1062 1038 trajicientibus
1088 1020 1100 1039 ,
1149 1002 1247 1030 cum
1279 994 1405 1033 ternis
1437 994 1569 1035 adhue
1608 1009 1658 1035 ae·

215 1081 331 1121 dibus
362 1079 493 1120 alieno
518 1078 705 1119 incendio
737 1077 988 1133 deflagravit.
1019 1081 1083 1119 Ab
1105 1092 1155 1119 eo
1179 1089 1372 1134 tempore
1405 1083 1515 1139 ignes
1539 1085 1657 1125 velut

216 1170 466 1224 contagione
502 1170 542 1210 in
567 1181 673 1222 pago
704 1169 886 1223 vulgari,
919 1169 1054 1219 &jam
1075 1183 1160 1210 non
1193 1170 1323 1218 tetsta,
1354 1184 1438 1213 non
1459 1174 1656 1226 sepimen-

215 1271 257 1302 ta
291 1271 383 1302 tuta
417 1257 504 1300 effe.
577 1258 683 1298 Duae
717 1258 922 1312 praeeipue
958 1272 1021 1299 res
1049 1261 1175 1301 motis
1208 1261 1292 1310 jam
1324 1261 1474 1302 timore
1510 1264 1656 1306 animis

213 1364 318 1405 pene
352 1349 541 1404 prodigio
569 1347 713 1387 ssmiles
745 1347 846 1388 vifae.
895 1347 1081 1389 Primum
1116 1350 1232 1402 quod
1265 1350 1421 1404 ligneus
1443 1354 1581 1394 alveus
1611 1354 1654 1400 in

212 1441 344 1483 media
381 1441 529 1479 chorte
573 1437 737 1486 jacens,
767 1436 1040 1482 adsidentibus
1066 1451 1138 1492 per
1170 1440 1308 1479 otium
1328 1471 1339 1490 ‚
1371 1442 1409 1482 ὅτ
1429 1471 1440 1490 ‚
1460 1445 1656 1496 quoniam

213 1529 430 1584 tranquilla
452 1529 606 1569 circum
631 1527 768 1568 omnia
791 1527 909 1567 fuere
926 1556 938 1575 ‚
970 1527 1069 1568 nihil
1104 1529 1388 1571 metuentibus
1414 1531 1654 1583 bominibus

212 1629 384 1674 repente
415 1618 590 1659 flammis
621 1619 836 1659 involutus
867 1617 937 1659 est.
976 1619 1167 1670 Deinde,
1201 1621 1337 1674 quod,
1369 1635 1466 1662 cum
1486 1622 1565 1672 jam
1589 1636 1654 1663 res

210 1711 299 1751 suas
322 1710 457 1751 secum
488 1709 560 1749 sub
582 1709 651 1749 dio
675 1710 903 1759 haberent,
935 1707 975 1747 in
995 1723 1084 1749 arca
1117 1709 1302 1751 vestiaria
1333 1709 1428 1752 seris
1467 1713 1655 1753 conclusa

210 1801 353 1841 fumus
377 1799 494 1840 index
520 1799 621 1851 fuit,
646 1798 780 1840 vestes
811 1798 963 1839 ardere.
991 1800 1128 1852 Rupta
1159 1814 1249 1841 arca
1273 1802 1463 1855 apparuit
1479 1802 1656 1844 linteum

210 1889 391 1932 vestibus
427 1889 645 1931 instratum
674 1887 828 1940 arfiffe,
862 1889 1129 1941 mirantibus,
1156 1903 1293 1946 neque
1328 1892 1653 1948 intelligentibus

210 1982 450 2024 hominibus
476 2014 488 2033 ‚
536 1995 620 2035 qua
656 1980 738 2036 igni
771 1979 965 2020 inviolata
998 1994 1085 2021 arca
1106 1995 1157 2022 eo
1185 1981 1265 2022 iter
1290 1980 1445 2023 fat-“tum
1471 1984 1534 2024 fit.
1583 1986 1657 2025 Re-

210 2071 371 2127 pentini
404 2072 447 2112 hi
471 2071 583 2127 ignes
598 2103 610 2121 ,
626 2071 723 2124 quia
746 2083 871 2124 quam
895 2068 1065 2112 cauffim
1088 2065 1268 2122 nullam,
1299 2083 1385 2114 tam
1403 2087 1455 2114 ne
1480 2074 1654 2115 modum

210 2163 379 2221 quidem
406 2162 586 2204 habituri
612 2161 879 2212 videbantur,
911 2162 1122 2215 trepidos,
1156 2163 1365 2204 &insolita
1384 2178 1427 2205 re
1447 2163 1654 2204 attonitos

210 2256 384 2296 colonos
418 2268 469 2294 eo
499 2254 743 2306 perpulere,
771 2262 821 2293 ut
854 2251 894 2292 in
926 2254 1066 2293 locum
1100 2254 1148 2293 ab
1177 2253 1372 2294 incendiis
1407 2261 1582 2304 tutum,
1614 2252 1653 2292 se

208 2347 387 2401 suaque,
413 2353 458 2386 et
485 2344 585 2398 ipsas
611 2345 735 2385 etiam
760 2343 998 2399 superstites
1021 2342 1153 2384 adhuc
1179 2344 1282 2385 aedes
1294 2344 1583 2386 transferrent.

989 2436 1027 2477 A
1056 2447 1079 2489 3
1527 2433 1594 2475 De
