1916 2805
666 171 722 228 ΣΞ
837 169 1048 229 (91)
1167 168 1221 226 23<

228 282 380 323 borum
413 281 555 324 cadiva
586 279 747 337 semper
771 282 1033 333 dilabuntur,
1074 280 1293 323 altitudine
1320 282 1406 324 fere
1442 284 1565 325 unius
1596 297 1666 339 pe-

227 370 314 417 dis;
344 370 443 412 huic
474 371 656 422 subjacet
687 373 817 429 argilla
843 372 883 413 in
913 375 1054 414 lateres
1082 371 1324 424 schistosos,
1356 375 1595 429 rubeosque
1618 377 1667 416 ab

228 459 322 516 igne
345 459 459 512 usta,
483 461 703 501 altitudine
729 462 837 502 inter
867 475 1001 503 unum
1028 461 1066 504 ὅ(
1088 471 1231 504 ternos
1253 464 1375 516 pedes
1408 464 1540 512 varia5
1573 463 1668 519 post

228 552 336 592 hanc
358 560 468 591 terra
485 550 708 592 admodum
732 552 901 593 humida
916 578 929 598 ,
949 561 1037 593 atra
1052 583 1065 603 ‚
1097 552 1210 593 taeta
1232 553 1355 596 facilis
1369 586 1381 606 ‚
1409 555 1473 596 sed
1497 570 1669 598 manum

227 641 470 696 inquinans,
509 654 532 680 e
566 641 752 693 partibus
785 641 917 694 figura
937 672 950 691 ,
999 642 1036 682 &
1063 642 1347 697 magnitudine
1378 644 1543 687 diverfis
1577 659 1668 687 coa·

226 740 393 772 cei-vata
410 758 421 778 ,
446 729 560 775 cuius
583 728 763 768 altitudo
783 730 1031 782 plerumque
1051 730 1199 782 pedem
1222 744 1353 773 unum
1368 764 1381 782 ‚
1406 747 1500 775 raro
1518 748 1667 788 unum,

228 819 268 859 &
288 814 486 858 semissem
510 824 672 868 aequat5
699 815 800 856 huic
831 825 973 870 aperta
998 817 1067 856 alia
1099 818 1140 858 in
1170 817 1312 859 vicino
1335 818 1433 861 fossa
1458 822 1602 878 exigua
1628 825 1671 866 li·

227 906 452 950 thantracis
478 903 603 946 frusta
626 904 794 946 inmixta.
818 907 1191 960 deprehendimus:
1222 908 1362 950 infima
1387 909 1447 951 est
1467 918 1575 953 terra
1594 915 1673 967 pla·

226 999 323 1041 stica
356 997 615 1039 caerulescens
642 996 901 1049 probiffima‚
932 998 1050 1049 cujus
1075 998 1300 1040 altitudinis
1329 1000 1504 1043 modum
1531 1002 1672 1045 defini·

226 1102 272 1131 re
302 1087 402 1130 nihil
431 1087 648 1129 attinebat.
679 1087 792 1128 Idem
817 1087 857 1128 in
886 1088 1025 1130 vicino
1050 1087 1276 1130 stratorum
1307 1090 1437 1137 ord03
1466 1091 1531 1131 sed
1555 1092 1670 1148 argil-

225 1180 261 1221 la
292 1179 428 1241 humo
456 1176 663 1227 subjacens
693 1177 911 1218 flavescens
947 1178 1032 1228 est,
1063 1180 1100 1221 &
1123 1179 1310 1229 friabilis,
1342 1179 1529 1232 partibus
1554 1181 1670 1223 unio·

228 1282 325 1311 nem
358 1281 444 1309 non
473 1266 753 1317 facientibus;
801 1282 1122 1324 nonnumquam
1158 1268 1284 1309 etiam
1321 1268 1520 1311 indurata.
1570 1272 1669 1313 Non

228 1361 352 1415 longe
379 1360 428 1398 ab
454 1358 538 1397 hoc
568 1364 730 1397 cratere
771 1370 888 1412 aquae
919 1360 1069 1412 pluviae
1100 1358 1360 1414 profundum
1391 1369 1590 1401 cavarunt
1618 1361 1670 1401 al·

227 1460 380 1499 veum,
413 1446 454 1486 in
488 1445 606 1494 cujus
626 1445 820 1487 lateribus
849 1448 923 1488 sub
958 1450 1095 1489 humo
1119 1448 1408 1489 lithantracem
1430 1448 1670 1492 schistosum

226 1539 375 1580 cubare
404 1533 775 1589 deprehendimus.'
800 1536 1019 1578 Indubium
1051 1537 1228 1587 idcirco,
1266 1536 1472 1578 diuturno
1501 1538 1549 1578 illi
1587 1539 1671 1594 igni

226 1629 424 1684 pabulum
455 1625 744 1667 lithantracem
773 1623 915 1679 fuisse,
948 1626 1051 1681 qui,
1081 1608 1313 1680 postquam*
1329 1625 1446 1666 lento
1481 1625 1670 1669 incendio

226 1719 502 1770 consumptus
520 1714 579 1756 est
592 1746 605 1766 ‚
620 1714 659 1755 in
676 1725 808 1758 atram
827 1715 929 1758 illam
944 1749 957 1770 ‚
977 1730 1102 1773 quam
1123 1716 1268 1773 argillae
1291 1715 1384 1770 igne
1407 1715 1565 1760 duratae
1581 1719 1673 1761 sub-

227 1808 373 1861 jeE’tam
391 1801 469 1848 effe
486 1804 659 1846 diximus
674 1836 685 1856 ‚
700 1815 830 1860 atque
853 1807 990 1862 aliqua
1009 1805 1300 1863 pinguitudine
1317 1805 1574 1860 inquinatam
1590 1823 1670 1850 ma-

229 1899 374 1941 teriam
390 1929 403 1949 ,
427 1910 513 1939 non
533 1909 648 1938 novo
659 1898 849 1951 exemplo
862 1898 1003 1939 versus
1019 1896 1092 1938 est.
1124 1900 1219 1951 Qua
1233 1906 1375 1938 autem
1388 1897 1550 1939 ratione
1566 1898 1668 1954 ignis

229 1998 349 2032 terrae
372 1987 502 2029 illatus
535 1989 609 2038 fit,
642 1987 847 2043 ignotum.
887 1985 1108 2029 Verifimile
1139 1985 1199 2028 est
1218 2018 1231 2038 ‚
1262 2000 1284 2026 a
1312 1987 1487 2028 subulcis
1514 1989 1670 2042 absque

229 2079 362 2133 aliqua
399 2089 548 2119 eorum
572 2078 820 2119 conscientia
852 2077 1092 2119 succensum
1121 2073 1199 2119 effe
1222 2107 1235 2128 ,
1275 2077 1391 2130 quod
1421 2091 1506 2119 non
1536 2080 1585 2118 sit
1612 2078 1669 2119 in-

229 2168 442 2219 credibile,
469 2167 646 2221 aliquam
669 2168 878 2209 candentis
900 2167 994 2225 ligni
1020 2166 1258 2219 particulam
1280 2180 1355 2220 per
1379 2167 1500 2209 rimas
1520 2167 1560 2208 in
1582 2177 1670 2209 tam

232 2257 418 2300 vicinum
439 2257 737 2300 lithantracum
761 2257 935 2300 stratum
960 2257 1133 2312 illapsam
1153 2253 1255 2309 effe,
1284 2271 1306 2298 a
1330 2270 1414 2312 qua
1436 2268 1669 2312 conceptus

921 2349 968 2390 M
1000 2359 1026 2389 2
1506 2346 1612 2402 ignis
