2003 2876
766 143 1318 203 233(15)23<
1609 141 1694 201 ’ᾗ

330 256 512 298 σοῃίῖως
545 255 630 305 est,
661 255 700 297 δε
733 253 1080 296 intervacantibus
1120 254 1229 295 inter
1257 254 1396 297 vineas
1428 251 1562 306 spatiis
1604 253 1764 297 arbusta

331 344 532 388 laetiffimo
569 345 827 385 incremento
861 344 1104 397 procedant.
1155 343 1285 394 Quod
1316 342 1496 396 primum
1523 343 1599 383 sub
1630 344 1765 385 humo

332 435 518 477 occurrit
547 433 746 485 stratum,
778 433 948 475 schistus
978 433 1062 484 est,
1094 444 1397 485 nonnunquam
1425 432 1658 484 cineritius‚
1686 435 1766 487 ple-

333 536 516 577 rumque
551 531 687 563 tamen
708 523 934 579 nigrescens
950 556 962 576 ,
992 523 1166 578 plurima
1185 523 1287 564 mica
1311 521 1555 576 permistuS,
1588 523 1625 566 &
1650 521 1769 563 mini-

331 626 493 654 marum
518 615 774 654 concharum
807 613 983 668 vestigiis
1008 609 1222 667 impressus
1241 643 1253 662 ‚
1284 613 1445 654 friabilis
1472 621 1699 667 praeterea,
1731 613 1770 655 &

334 703 382 744 ad
407 716 549 743 auram
580 703 619 743 in
654 705 870 757 pulverem
901 703 1099 744 fatiscens.
1155 703 1268 744 Huic
1301 703 1522 745 lithantrax
1556 703 1768 745 substerni«

333 803 437 845 tur,
469 793 652 846 primum
681 793 853 848 fragilis,
896 792 934 833 &
960 806 1008 834 ex
1040 794 1143 834 facili
1174 794 1248 834 sub
1279 794 1348 834 dio
1383 793 1672 844 distabescens,
1703 794 1771 838 de·

335 883 427 924 inde
457 883 631 935 solidus,
663 883 901 934 aterrimus,
933 883 1254 937 splendensque,
1285 896 1361 924 nec
1395 897 1488 924 raro
1517 883 1678 924 colores
1709 882 1771 923 irio

329 973 392 1013 dis
418 971 675 1013 nitidiffimos
700 974 946 1025 remittens,
980 974 1028 1014 iiii
1055 971 1300 1024 simillimus,
1333 985 1461 1026 quem
1486 973 1526 1012 in
1557 981 1701 1013 monte
1734 974 1772 1012 ὃ.

331 1062 535 1115 Stephani
563 1060 603 1101 in
631 1062 795 1103 Francia
818 1062 987 1116 reperiri
1011 1061 1181 1110 sci-mus,
1213 1062 1342 1102 halitu
1369 1062 1495 1102 etiam
1519 1062 1583 1101 vel
1606 1060 1773 1114 sulphu-

333 1150 387 1191 ris
411 1152 493 1192 five
517 1151 785 1199 flavescente,
810 1152 892 1191 sive
915 1152 1069 1200 rubeo,
1103 1151 1168 1190 vel
1190 1150 1289 1190 acidi
1313 1148 1465 1190 vitrioh‘
1480 1179 1493 1198 ,
1515 1149 1772 1204 ubicumque

335 1239 448 1281 rimis
469 1240 581 1290 hiat,
613 1239 795 1279 mucoris
821 1238 941 1279 instar
967 1237 1141 1280 afflatus.
1175 1239 1270 1289 Ejus
1299 1240 1419 1290 usus,
1451 1241 1563 1280 velut
1588 1239 1774 1280 nondum

334 1329 376 1369 {in
409 1328 582 1370 maxima
604 1328 813 1384 lignorum
836 1329 1032 1380 caritate,
1065 1330 1199 1369 nullus
1234 1328 1317 1378 est,
1344 1338 1620 1383 praeterquam
1653 1329 1693 1369 in
1719 1329 1774 1369 fa-

333 1417 501 1459 brilibus
526 1429 758 1471 paucorum
781 1412 982 1469 officinis,
1015 1432 1063 1458 an
1095 1421 1252 1472 absque
1285 1418 1383 1459 ferri
1409 1418 1584 1470 injuria?
1615 1419 1774 1475 ignora-

335 1520 445 1549 mus.
476 1508 613 1551 Locus
641 1506 709 1548 vix
738 1507 985 1561 sesquihorae
1009 1509 1225 1549 intervallo
1247 1510 1296 1549 ab
1324 1511 1435 1551 Urbe
1467 1510 1609 1550 versus
1641 1509 1775 1550 orien-

334 1605 424 1638 tem
444 1595 577 1648 abest,
609 1597 647 1638 &
669 1595 729 1637 est
750 1610 871 1646 cava,
902 1606 1031 1651 atque
1061 1598 1210 1653 irrigua
1232 1598 1341 1638 inter
1368 1598 1548 1640 minores
1576 1614 1597 1640 a
1619 1597 1775 1652 Meffek

336 1694 635 1740 procurrentes
664 1695 831 1727 montes
854 1686 1083 1741 intercepta
1100 1719 1113 1738 ,
1152 1702 1172 1728 a
1197 1687 1363 1728 meridie
1392 1687 1432 1729 in
1459 1690 1776 1742 septemtriones

336 1776 547 1818 arcuatim
568 1776 669 1817 flexa
689 1777 795 1817 vallis
811 1806 822 1826 ,
856 1776 975 1828 cujus
995 1779 1103 1818 latus
1124 1791 1255 1818 unum
1278 1779 1399 1821 colles
1413 1811 1425 1831 ‚
1457 1791 1565 1833 quo-s
1584 1778 1774 1830 diximus,

338 1867 587 1909 iithantrace
614 1865 706 1907 foeti
735 1866 1028 1918 circumeunt,
1058 1881 1240 1908 concava
1266 1868 1481 1921 superficie
1517 1868 1558 1909 in
1590 1868 1777 1909 occiden-

295 1955 303 1963 ‘
339 1965 430 1998 tem
457 1957 495 1997 ὅ(
515 1955 724 1997 meridiem
746 1954 994 2008 spessiantes,
1028 1968 1214 1998 convexa
1238 1957 1284 1998 ad
1312 1968 1478 2000 montes
1502 1959 1588 1999 fere
1605 1959 1777 2012 applica*³

339 2046 387 2087 ti.
419 2046 518 2087 Valli
541 2058 695 2087 nomen
722 2042 991 2098 Peri-csesma
1007 2061 1028 2087 a
1049 2047 1348 2088 Musulmannis
1370 2049 1516 2091 datum
1541 2048 1627 2101 est,
1659 2050 1775 2104 quod

339 2135 481 2178 mostra
515 2135 810 2178 consuetudine
848 2132 950 2178 Perii
968 2135 1126 2191 fontem
1152 2139 1397 2182 diceremus.

1606 2318 1720 2362 XII,
