2003 2876
825 174 881 230 >2³
996 175 1208 231 (10)
1325 179 1381 234 ΣΞ

385 286 640 342 quaestuosus
671 286 797 328 etiam
826 285 939 325 reddi
965 283 1078 339 posse
1107 286 1288 328 videtur.
1338 289 1445 329 Nam
1474 288 1503 327 fi
1531 287 1642 331 foffis
1669 292 1816 332 crebro

382 378 567 426 secetur,
600 376 753 431 quibus
777 374 960 428 primum
975 404 986 423 ,
1019 374 1093 428 qui
1117 387 1189 428 per
1208 386 1337 415 annos
1357 374 1436 424 jam
1464 377 1611 418 resedit
1631 378 1817 431 humor,

381 467 620 516 hauriatur,
650 464 795 504 deinde
829 476 934 505 vero
969 463 1092 504 etiam
1124 463 1222 515 illae,
1266 476 1368 518 quas
1397 477 1472 518 per
1503 465 1710 507 intervalla
1742 467 1818 508 flu-

379 556 473 599 vius
504 554 656 604 infert,
699 566 841 607 aquae,
880 566 979 596 cum
1007 554 1191 608 primum
1230 554 1540 609 conquievere,
1581 554 1622 595 in
1655 556 1820 596 alveum

379 647 500 687 suum
525 644 700 685 refluere
729 641 883 697 poxfint
899 675 910 691 ‚
941 657 1020 697 pro
1046 643 1172 699 riguis
1193 643 1322 694 pratis
1346 655 1496 695 erunt,
1528 654 1817 700 poteruntque

380 734 495 776 exiis
519 733 683 788 copiosa
703 735 875 788 optimae
899 734 1108 789 qualitatis
1127 734 1317 776 foenificia
1340 736 1456 777 teffis
1481 734 1632 776 inferri.
1665 736 1818 789 Neque

378 825 490 867 enim
512 823 726 866 Danubius
741 854 754 876 ‚
785 823 900 878 quod
924 822 1086 878 quidam
1110 832 1322 866 torrentes
1342 825 1521 874 faciunt,
1551 837 1720 879 campos
1744 831 1817 864 aut

378 915 574 970 lapidibus
597 913 765 964 obruit,
795 922 865 953 aut
887 912 1009 964 limo,
1039 925 1250 967 coenoque
1271 915 1478 965 cumulat,
1511 927 1563 955 ne
1584 913 1708 968 possit
1730 916 1819 954 her-

379 1006 428 1049 ba
452 1005 518 1045 vel
546 1003 752 1053 subnasci,
783 1003 850 1043 vel
875 1002 958 1052 jam
989 1011 1081 1042 nata
1103 1004 1342 1055 perennari3
1374 1018 1471 1045 cum
1497 1003 1718 1057 pinguibus
1746 1015 1820 1056 po⁴

379 1094 463 1135 tius
487 1093 603 1149 aquis
628 1092 828 1141 inundet,
858 1091 1010 1146 quibus
1033 1093 1060 1131 si
1083 1090 1251 1141 itinera,
1285 1105 1358 1144 per
1382 1104 1477 1145 quae
1502 1092 1637 1132 exitus
1665 1100 1818 1145 pateat,

381 1183 559 1231 dentur,
590 1184 767 1235 locaque
792 1181 925 1234 campi
954 1193 1165 1230 concava,
1196 1192 1248 1219 ne
1273 1181 1433 1220 lacunas
1463 1179 1730 1231 contineant,
1762 1179 1822 1219 in·

377 1270 483 1323 ieSta
513 1273 675 1322 humo,
707 1267 990 1322 lapidibusque
1019 1278 1264 1321 aequentur,
1304 1270 1578 1311 redundantes
1611 1271 1675 1310 hae
1704 1282 1822 1323 aquae

378 1361 564 1404 beneficii
596 1362 692 1402 loco
722 1365 873 1408 erunt,
913 1357 1100 1411 nihilque
1135 1358 1273 1399 minus
1307 1359 1347 1400 in
1379 1359 1556 1411 ciendis,
1586 1359 1820 1413 alendisque

382 1451 555 1506 optimis
584 1447 802 1504 quibusvis
825 1447 1075 1503 graminibus
1097 1449 1322 1493 valebunt,
1356 1461 1510 1502 quam,
1541 1460 1644 1503 quas
1669 1449 1820 1502 periti,

380 1543 419 1585 &
461 1539 670 1596 diligentes
712 1537 847 1579 coloni
887 1537 1073 1579 ficcaneis
1105 1537 1231 1591 pratis
1270 1551 1395 1579 manu
1429 1537 1626 1579 inducere
1676 1539 1820 1580 solent.

379 1633 506 1683 Haec,
537 1643 631 1685 quae
654 1638 746 1669 tum
768 1628 1087 1676 succurrerunt,
1120 1636 1241 1669 tanto
1262 1628 1460 1679 majorem
1485 1627 1603 1668 nobis
1623 1628 1821 1670 attentio-

378 1735 475 1764 nem
500 1719 649 1762 mereri
685 1718 906 1765 videntur,
935 1727 1098 1772 quanto
1127 1718 1312 1772 pluribus
1345 1716 1536 1770 deinceps
1560 1717 1657 1758 locis
1688 1717 1820 1772 pigras

380 1813 469 1865 eius
491 1819 647 1853 naturae
667 1821 791 1863 aquas
817 1808 1044 1849 secundum
1064 1809 1243 1850 Danubii
1263 1808 1368 1862 ripas
1391 1808 1600 1849 confidere
1620 1807 1820 1859 vidimus,

379 1911 635 1955 metumque
656 1910 741 1941 non
760 1912 915 1941 vanum
935 1895 1011 1942 effe
1034 1898 1308 1939 intelleximus
1324 1929 1337 1948 ,
1368 1910 1419 1938 ne
1439 1911 1584 1953 magna
1611 1899 1736 1952 planae
1760 1911 1821 1939 re-

381 1992 516 2049 gionis
536 2004 628 2045 pars
649 1988 793 2031 inutile
819 1988 1009 2044 stagnum
1035 1988 1121 2029 fiat.
1160 1989 1269 2030 Nam
1291 1989 1420 2029 moles
1434 2019 1446 2038 ,
1479 1999 1573 2040 quae
1592 1987 1708 2028 fluvii
1730 1989 1822 2030 sub-

383 2084 452 2126 itis
490 2082 607 2138 aquis
636 2080 743 2123 austi
782 2079 957 2122 modurn
994 2079 1190 2121 excedant
1215 2109 1228 2129 ,
1278 2077 1481 2132 proejicere
1517 2078 1652 2130 velle,
1704 2078 1821 2133 quod

381 2173 517 2215 omnis
542 2172 626 2213 fere
655 2171 744 2221 ejus
775 2169 997 2226 longitudo
1020 2170 1130 2211 vallis
1149 2200 1161 2220 ,
1193 2167 1545 2221 munimentisque
1576 2170 1820 2210 concluden-

383 2263 430 2304 da
452 2263 589 2313 foret,
622 2260 867 2317 improbum
891 2262 964 2310 fit,
995 2272 1134 2315 neque
1161 2256 1310 2321 nostris
1339 2256 1638 2320 necessitatibus
1663 2271 1823 2300 accom-

383 2353 619 2395 modatum.
1698 2348 1763 2390 Ad
